%% Insert your bibliography here


%%%%%%%%%%%%%%%%%
% COSMOS papers %
%%%%%%%%%%%%%%%%%

@article{laigle_cosmos2015_2016,
	title = {{THE} {COSMOS}2015 {CATALOG}: {EXPLORING} {THE} 1 {\textless} \textit{z} {\textless} 6 {UNIVERSE} {WITH} {HALF} {A} {MILLION} {GALAXIES}},
	volume = {224},
	issn = {1538-4365},
	shorttitle = {{THE} {COSMOS}2015 {CATALOG}},
	url = {http://stacks.iop.org/0067-0049/224/i=2/a=24?key=crossref.13400bd5b9499f45ce2b1d44c4a48475},
	doi = {10.3847/0067-0049/224/2/24},
	number = {2},
	urldate = {2019-03-21},
	journal = {The Astrophysical Journal Supplement Series},
	author = {Laigle, C. and McCracken, H. J. and Ilbert, O. and Hsieh, B. C. and Davidzon, I. and Capak, P. and Hasinger, G. and Silverman, J. D. and Pichon, C. and Coupon, J. and Aussel, H. and Le Borgne, D.
 and Caputi, K. and Cassata, P. and Chang, Y.-Y. and Civano, F. and Dunlop, J. and Fynbo, J. and Kartaltepe, J. S. and Koekemoer, A. and Le Fèvre, O. and Le Floc’h, E. and Leauthaud, A. and Lilly, S. and Lin, L. a
nd Marchesi, S. and Milvang-Jensen, B. and Salvato, M. and Sanders, D. B. and Scoville, N. and Smolcic, V. and Stockmann, M. and Taniguchi, Y. and Tasca, L. and Toft, S. and Vaccari, Mattia and Zabl, J.},
	month = jun,
	year = {2016},
	pages = {24},
	file = {Laigle et al. - 2016 - THE COSMOS2015 CATALOG EXPLORING THE 1  izi.pdf:/home/wilfried/Zotero/storage/CKAYJQSD/Laigle et al. - 2016 - THE COSMOS2015 CATALOG EXPLORING THE 1  izi.pdf:application/pdf}
}

@ARTICLE{Knobel2009,
       author = {{Knobel}, C. and {Lilly}, S.~J. and {Iovino}, A. and {Porciani}, C. and
         {Kova{\v{c}}}, K. and {Cucciati}, O. and {Finoguenov}, A. and
         {Kitzbichler}, M.~G. and {Carollo}, C.~M. and {Contini}, T. and
         {Kneib}, J. -P. and {Le F{\`e}vre}, O. and {Mainieri}, V. and
         {Renzini}, A. and {Scodeggio}, M. and {Zamorani}, G. and
         {Bardelli}, S. and {Bolzonella}, M. and {Bongiorno}, A. and
         {Caputi}, K. and {Coppa}, G. and {de la Torre}, S. and {de Ravel}, L. and
         {Franzetti}, P. and {Garilli}, B. and {Kampczyk}, P. and
         {Lamareille}, F. and {Le Borgne}, J. -F. and {Le Brun}, V. and
         {Maier}, C. and {Mignoli}, M. and {Pello}, R. and {Peng}, Y. and
         {Perez Montero}, E. and {Ricciardelli}, E. and {Silverman}, J.~D. and
         {Tanaka}, M. and {Tasca}, L. and {Tresse}, L. and {Vergani}, D. and
         {Zucca}, E. and {Abbas}, U. and {Bottini}, D. and {Cappi}, A. and
         {Cassata}, P. and {Cimatti}, A. and {Fumana}, M. and {Guzzo}, L. and
         {Koekemoer}, A.~M. and {Leauthaud}, A. and {Maccagni}, D. and
         {Marinoni}, C. and {McCracken}, H.~J. and {Memeo}, P. and {Meneux}, B. and
         {Oesch}, P. and {Pozzetti}, L. and {Scaramella}, R.},
        title = "{An Optical Group Catalog to z = 1 from the zCOSMOS 10 k Sample}",
      journal = {The Astrophysical Journal},
     keywords = {catalogs, galaxies: clusters: general, galaxies: high-redshift, methods: data analysis, Astrophysics - Cosmology and Extragalactic Astrophysics, Astrophysics - Instrumentation and Methods for Astrophysics},
         year = "2009",
        month = "Jun",
       volume = {697},
       number = {2},
        pages = {1842-1860},
          doi = {10.1088/0004-637X/697/2/1842},
archivePrefix = {arXiv},
       eprint = {0903.3411},
 primaryClass = {astro-ph.CO},
       adsurl = {https://ui.adsabs.harvard.edu/abs/2009ApJ...697.1842K},
      adsnote = {Provided by the SAO/NASA Astrophysics Data System}
}

@ARTICLE{Knobel2012,
       author = {{Knobel}, C. and {Lilly}, S.~J. and {Iovino}, A. and {Kova{\v{c}}}, K. and
         {Bschorr}, T.~J. and {Presotto}, V. and {Oesch}, P.~A. and
         {Kampczyk}, P. and {Carollo}, C.~M. and {Contini}, T. and
         {Kneib}, J. -P. and {Le Fevre}, O. and {Mainieri}, V. and
         {Renzini}, A. and {Scodeggio}, M. and {Zamorani}, G. and
         {Bardelli}, S. and {Bolzonella}, M. and {Bongiorno}, A. and
         {Caputi}, K. and {Cucciati}, O. and {de la Torre}, S. and
         {de Ravel}, L. and {Franzetti}, P. and {Garilli}, B. and
         {Lamareille}, F. and {Le Borgne}, J. -F. and {Le Brun}, V. and
         {Maier}, C. and {Mignoli}, M. and {Pello}, R. and {Peng}, Y. and
         {Perez Montero}, E. and {Silverman}, J. and {Tanaka}, M. and
         {Tasca}, L. and {Tresse}, L. and {Vergani}, D. and {Zucca}, E. and
         {Barnes}, L. and {Bordoloi}, R. and {Cappi}, A. and {Cimatti}, A. and
         {Coppa}, G. and {Koekemoer}, A.~M. and {L{\'o}pez-Sanjuan}, C. and
         {McCracken}, H.~J. and {Moresco}, M. and {Nair}, P. and {Pozzetti}, L. and
         {Welikala}, N.},
        title = "{The zCOSMOS 20k Group Catalog}",
      journal = {The Astrophysical Journal},
     keywords = {catalogs, cosmology: observations, galaxies: evolution, galaxies: groups: general, large-scale structure of universe, methods: data analysis, Astrophysics - Cosmology and Extragalactic Astrophysics},
         year = "2012",
        month = "Jul",
       volume = {753},
       number = {2},
          eid = {121},
        pages = {121},
          doi = {10.1088/0004-637X/753/2/121},
archivePrefix = {arXiv},
       eprint = {1207.0002},
 primaryClass = {astro-ph.CO},
       adsurl = {https://ui.adsabs.harvard.edu/abs/2012ApJ...753..121K},
      adsnote = {Provided by the SAO/NASA Astrophysics Data System}
}

%%%%%%%%%%%
% Reviews %
%%%%%%%%%%%

@ARTICLE{Epinat2010,
       author = {{Epinat}, B. and {Amram}, P. and {Balkowski}, C. and {Marcelin}, M.},
        title = "{Evidence for strong dynamical evolution in disc galaxies through the last 11 Gyr. GHASP VIII - a local reference sample of rotating disc galaxies for high-redshift studies}",
      journal = {Monthly Notices of the Royal Astronomical Society},
     keywords = {galaxies: evolution, galaxies: formation, galaxies: high-redshift, galaxies: irregular, galaxies: kinematics and dynamics, galaxies: spiral, Astrophysics - Cosmology and Nongalactic Astrophysics},
         year = "2010",
        month = "Feb",
       volume = {401},
       number = {4},
        pages = {2113-2147},
          doi = {10.1111/j.1365-2966.2009.15688.x},
archivePrefix = {arXiv},
       eprint = {0904.3891},
 primaryClass = {astro-ph.CO},
       adsurl = {https://ui-adsabs-harvard-edu.ezproxy.obspm.fr/abs/2010MNRAS.401.2113E},
      adsnote = {Provided by the SAO/NASA Astrophysics Data System}
}



@ARTICLE{Wright2009,
       author = {{Wright}, Shelley A. and {Larkin}, James E. and {Law}, David R. and
         {Steidel}, Charles C. and {Shapley}, Alice E. and {Erb}, Dawn K.},
        title = "{Dynamics of Galactic Disks and Mergers at z \raisebox{-0.5ex}\textasciitilde 1.6: Spatially Resolved Spectroscopy with Keck Laser Guide Star Adaptive Optics}",
      journal = {The Astrophysical Journal},
     keywords = {galaxies: evolution, galaxies: high-redshift, galaxies: kinematics and dynamics, infrared: galaxies, Astrophysics},
         year = "2009",
        month = "Jul",
       volume = {699},
       number = {1},
        pages = {421-440},
          doi = {10.1088/0004-637X/699/1/421},
archivePrefix = {arXiv},
       eprint = {0810.5599},
 primaryClass = {astro-ph},
       adsurl = {https://ui-adsabs-harvard-edu.ezproxy.obspm.fr/abs/2009ApJ...699..421W},
      adsnote = {Provided by the SAO/NASA Astrophysics Data System}
}



@ARTICLE{Courteau1997,
       author = {{Courteau}, Stephane},
        title = "{Optical Rotation Curves and Linewidths for Tully-Fisher Applications}",
      journal = {Astronomical Journal},
     keywords = {GALAXIES: SPIRAL, GALAXIES: KINEMATICS AND DYNAMICS, LOCAL GROUP, GALAXIES: FUNDAMENTAL PARAMETERS, Astrophysics},
         year = "1997",
        month = "Dec",
       volume = {114},
        pages = {2402},
          doi = {10.1086/118656},
archivePrefix = {arXiv},
       eprint = {astro-ph/9709201},
 primaryClass = {astro-ph},
       adsurl = {https://ui-adsabs-harvard-edu.ezproxy.obspm.fr/abs/1997AJ....114.2402C},
      adsnote = {Provided by the SAO/NASA Astrophysics Data System}
}




@ARTICLE{Freeman1970,
       author = {{Freeman}, K.~C.},
        title = "{On the Disks of Spiral and S0 Galaxies}",
      journal = {Astrophysical Journal},
         year = "1970",
        month = "Jun",
       volume = {160},
        pages = {811},
          doi = {10.1086/150474},
       adsurl = {https://ui-adsabs-harvard-edu.ezproxy.obspm.fr/abs/1970ApJ...160..811F},
      adsnote = {Provided by the SAO/NASA Astrophysics Data System}
}



@INPROCEEDINGS{Bacon2004,
       author = {{Bacon}, Roland and {Bauer}, Svend-Marian and {Bower}, Richard and
         {Cabrit}, Sylvie and {Cappellari}, Michele and {Carollo}, Marcella and
         {Combes}, Francoise and {Davies}, Roger L. and {Delabre}, Bernard and
         {Dekker}, Hans},
        title = "{The second-generation VLT instrument MUSE: science drivers and instrument design}",
    booktitle = {Ground-based Instrumentation for Astronomy},
         year = "2004",
       editor = {{Moorwood}, Alan F.~M. and {Iye}, Masanori},
       series = {Society of Photo-Optical Instrumentation Engineers (SPIE) Conference Series},
       volume = {5492},
        month = "Sep",
        pages = {1145-1149},
          doi = {10.1117/12.549009},
       adsurl = {https://ui-adsabs-harvard-edu.ezproxy.obspm.fr/abs/2004SPIE.5492.1145B},
      adsnote = {Provided by the SAO/NASA Astrophysics Data System}
}



@ARTICLE{Contini2012,
       author = {{Contini}, T. and {Garilli}, B. and {Le F{\`e}vre}, O. and
         {Kissler-Patig}, M. and {Amram}, P. and {Epinat}, B. and
         {Moultaka}, J. and {Paioro}, L. and {Queyrel}, J. and {Tasca}, L.},
        title = "{MASSIV: Mass Assemby Survey with SINFONI in VVDS. I. Survey description and global properties of the 0.9 \&lt; z \&lt; 1.8 galaxy sample}",
      journal = {Astronomy and Astrophysics},
     keywords = {galaxies: kinematics and dynamics, galaxies: evolution, galaxies: high-redshift, galaxies: starburst, Astrophysics - Cosmology and Nongalactic Astrophysics},
         year = "2012",
        month = "Mar",
       volume = {539},
          eid = {A91},
        pages = {A91},
          doi = {10.1051/0004-6361/201117541},
archivePrefix = {arXiv},
       eprint = {1111.3631},
 primaryClass = {astro-ph.CO},
       adsurl = {https://ui-adsabs-harvard-edu.ezproxy.obspm.fr/abs/2012A&A...539A..91C},
      adsnote = {Provided by the SAO/NASA Astrophysics Data System}
}



@ARTICLE{Yang2008,
       author = {{Yang}, Y. and {Flores}, H. and {Hammer}, F. and {Neichel}, B. and
         {Puech}, M. and {Nesvadba}, N. and {Rawat}, A. and {Cesarsky}, C. and
         {Lehnert}, M. and {Pozzetti}, L.},
        title = "{IMAGES. I. Strong evolution of galaxy kinematics since z = 1}",
      journal = {Astronomy and Astrophysics},
     keywords = {galaxies: formation, galaxies: evolution, galaxies: kinematics and dynamics, Astrophysics},
         year = "2008",
        month = "Jan",
       volume = {477},
       number = {3},
        pages = {789-805},
          doi = {10.1051/0004-6361:20078219},
archivePrefix = {arXiv},
       eprint = {0711.2305},
 primaryClass = {astro-ph},
       adsurl = {https://ui-adsabs-harvard-edu.ezproxy.obspm.fr/abs/2008A&A...477..789Y},
      adsnote = {Provided by the SAO/NASA Astrophysics Data System}
}




@ARTICLE{Gnerucci2011,
       author = {{Gnerucci}, A. and {Marconi}, A. and {Cresci}, G. and {Maiolino}, R. and
         {Mannucci}, F. and {Calura}, F. and {Cimatti}, A. and {Cocchia}, F. and
         {Grazian}, A. and {Matteucci}, F.},
        title = "{Dynamical properties of AMAZE and LSD galaxies from gas kinematics and the Tully-Fisher relation at z \raisebox{-0.5ex}\textasciitilde 3}",
      journal = {Astronomy and Astrophysics},
     keywords = {galaxies: evolution, galaxies: formation, galaxies: fundamental parameters, galaxies: high-redshift, galaxies: kinematics and dynamics, Astrophysics - Cosmology and Nongalactic Astrophysics},
         year = "2011",
        month = "Apr",
       volume = {528},
          eid = {A88},
        pages = {A88},
          doi = {10.1051/0004-6361/201015465},
archivePrefix = {arXiv},
       eprint = {1007.4180},
 primaryClass = {astro-ph.CO},
       adsurl = {https://ui-adsabs-harvard-edu.ezproxy.obspm.fr/abs/2011A&A...528A..88G},
      adsnote = {Provided by the SAO/NASA Astrophysics Data System}
}



@ARTICLE{Cresci2009,
       author = {{Cresci}, G. and {Hicks}, E.~K.~S. and {Genzel}, R. and
         {Schreiber}, N.~M. F{\"o}rster and {Davies}, R. and {Bouch{\'e}}, N. and
         {Buschkamp}, P. and {Genel}, S. and {Shapiro}, K. and {Tacconi}, L.},
        title = "{The SINS Survey: Modeling the Dynamics of z \raisebox{-0.5ex}\textasciitilde 2 Galaxies and the High-z Tully-Fisher Relation}",
      journal = {The Astrophysical Journal},
     keywords = {galaxies: evolution, galaxies: high-redshift, galaxies: kinematics and dynamics, infrared: galaxies, Astrophysics - Cosmology and Extragalactic Astrophysics},
         year = "2009",
        month = "May",
       volume = {697},
       number = {1},
        pages = {115-132},
          doi = {10.1088/0004-637X/697/1/115},
archivePrefix = {arXiv},
       eprint = {0902.4701},
 primaryClass = {astro-ph.CO},
       adsurl = {https://ui-adsabs-harvard-edu.ezproxy.obspm.fr/abs/2009ApJ...697..115C},
      adsnote = {Provided by the SAO/NASA Astrophysics Data System}
}



@ARTICLE{Pizagno2007,
       author = {{Pizagno}, James and {Prada}, Francisco and {Weinberg}, David H. and
         {Rix}, Hans-Walter and {Pogge}, Richard W. and {Grebel}, Eva K. and
         {Harbeck}, Daniel and {Blanton}, Michael and {Brinkmann}, J. and
         {Gunn}, James E.},
        title = "{The Tully-Fisher Relation and its Residuals for a Broadly Selected Sample of Galaxies}",
      journal = {The Astronomical Journal},
     keywords = {galaxies: kinematics and dynamics, galaxies: structure, Astrophysics},
         year = "2007",
        month = "Sep",
       volume = {134},
       number = {3},
        pages = {945-972},
          doi = {10.1086/519522},
archivePrefix = {arXiv},
       eprint = {astro-ph/0608472},
 primaryClass = {astro-ph},
       adsurl = {https://ui-adsabs-harvard-edu.ezproxy.obspm.fr/abs/2007AJ....134..945P},
      adsnote = {Provided by the SAO/NASA Astrophysics Data System}
}


@ARTICLE{Vergani2012,
       author = {{Vergani}, D. and {Epinat}, B. and {Contini}, T. and {Tasca}, L. and
         {Tresse}, L. and {Amram}, P. and {Garilli}, B. and {Kissler-Patig}, M. and
         {Le F{\`e}vre}, O. and {Moultaka}, J.},
        title = "{MASSIV: Mass Assembly Survey with SINFONI in VVDS. IV. Fundamental relations of star-forming galaxies at 1 \&lt; z \&lt; 1.6}",
      journal = {Astronomy and Astrophysics},
     keywords = {galaxies: high-redshift, galaxies: evolution, galaxies: kinematics and dynamics, galaxies: fundamental parameters, Astrophysics - Cosmology and Extragalactic Astrophysics},
         year = "2012",
        month = "Oct",
       volume = {546},
          eid = {A118},
        pages = {A118},
          doi = {10.1051/0004-6361/201118453},
archivePrefix = {arXiv},
       eprint = {1202.3107},
 primaryClass = {astro-ph.CO},
       adsurl = {https://ui-adsabs-harvard-edu.ezproxy.obspm.fr/abs/2012A&A...546A.118V},
      adsnote = {Provided by the SAO/NASA Astrophysics Data System}
}



@ARTICLE{Puech2008,
       author = {{Puech}, M. and {Flores}, H. and {Hammer}, F. and {Yang}, Y. and
         {Neichel}, B. and {Lehnert}, M. and {Chemin}, L. and {Nesvadba}, N. and
         {Epinat}, B. and {Amram}, P.},
        title = "{IMAGES. III. The evolution of the near-infrared Tully-Fisher relation over the last 6 Gyr}",
      journal = {Astronomy and Astrophysics},
     keywords = {galaxies: evolution, galaxies: kinematics and dynamics, galaxies: high-redshift, galaxies: general, galaxies:, interactions, galaxies: spiral, Astrophysics},
         year = "2008",
        month = "Jun",
       volume = {484},
       number = {1},
        pages = {173-187},
          doi = {10.1051/0004-6361:20079313},
archivePrefix = {arXiv},
       eprint = {0803.3002},
 primaryClass = {astro-ph},
       adsurl = {https://ui-adsabs-harvard-edu.ezproxy.obspm.fr/abs/2008A&A...484..173P},
      adsnote = {Provided by the SAO/NASA Astrophysics Data System}
}



@ARTICLE{Glazebrook2013,
       author = {{Glazebrook}, Karl},
        title = "{The Dawes Review 1: Kinematic Studies of Star-Forming Galaxies Across Cosmic Time}",
      journal = {Publications of the Astronomical Society of Australia},
     keywords = {galaxies: evolution, galaxies: formation, galaxies: high-redshift, galaxies: kinematics and dynamics, galaxies: stellar content, galaxies: structure, Astrophysics - Cosmology and Nongalactic Astrophysics, Astrophysics - Astrophysics of Galaxies},
         year = "2013",
        month = "Nov",
       volume = {30},
          eid = {e056},
        pages = {e056},
          doi = {10.1017/pasa.2013.34},
archivePrefix = {arXiv},
       eprint = {1305.2469},
 primaryClass = {astro-ph.CO},
       adsurl = {https://ui-adsabs-harvard-edu.ezproxy.obspm.fr/abs/2013PASA...30...56G},
      adsnote = {Provided by the SAO/NASA Astrophysics Data System}
}



%%%%%%%%%%
% Papers %
%%%%%%%%%%

@ARTICLE{Tully1977,
   author = {{Tully}, R.~B. and {Fisher}, J.~R.},
    title = "{A new method of determining distances to galaxies}",
  journal = {Astronomy and Astrophysics},
 keywords = {Distance Measuring Equipment, H Lines, Luminous Intensity, Spectral Line Width, Spiral Galaxies, Telescopes, Astronomical Photometry, Calibrating, Galactic Clusters, Galactic Structure, Hubble Diagram, Synoptic Measurement},
     year = 1977,
    month = feb,
   volume = 54,
    pages = {661-673},
   adsurl = {https://ui.adsabs.harvard.edu/abs/1977A%26A....54..661T},
  adsnote = {Provided by the SAO/NASA Astrophysics Data System}
}

@ARTICLE{Rubin1978,
   author = {{Rubin}, V.~C. and {Ford}, Jr., W.~K. and {Thonnard}, N.},
    title = "{Extended rotation curves of high-luminosity spiral galaxies. IV - Systematic dynamical properties, SA through SC}",
  journal = {Astrophysical Journal},
 keywords = {Angular Velocity, Galactic Rotation, Galactic Structure, Luminous Intensity, Spiral Galaxies, Astrodynamics, Astronomical Models, Curves (Geometry), Galactic Radiation},
     year = 1978,
    month = nov,
   volume = 225,
    pages = {L107-L111},
      doi = {10.1086/182804},
   adsurl = {https://ui.adsabs.harvard.edu/abs/1978ApJ...225L.107R},
  adsnote = {Provided by the SAO/NASA Astrophysics Data System}
}

@ARTICLE{Boogaard2018,
   author = {{Boogaard}, L.~A. and {Brinchmann}, J. and {Bouch{\'e}}, N. and 
	{Paalvast}, M. and {Bacon}, R. and {Bouwens}, R.~J. and {Contini}, T. and 
	{Gunawardhana}, M.~L.~P. and {Inami}, H. and {Marino}, R.~A. and 
	{Maseda}, M.~V. and {Mitchell}, P. and {Nanayakkara}, T. and 
	{Richard}, J. and {Schaye}, J. and {Schreiber}, C. and {Tacchella}, S. and 
	{Wisotzki}, L. and {Zabl}, J.},
    title = "{The MUSE Hubble Ultra Deep Field Survey. XI. Constraining the low-mass end of the stellar mass - star formation rate relation at z < 1}",
  journal = {Astronomy and Astrophysics},
archivePrefix = "arXiv",
   eprint = {1808.04900},
 keywords = {galaxies: star formation, galaxies: formation, galaxies: evolution, galaxies: ISM, methods: statistical},
     year = 2018,
    month = nov,
   volume = 619,
      eid = {A27},
    pages = {A27},
      doi = {10.1051/0004-6361/201833136},
   adsurl = {https://ui.adsabs.harvard.edu/abs/2018A%26A...619A..27B},
  adsnote = {Provided by the SAO/NASA Astrophysics Data System}
}


@ARTICLE{Vogt1996,
       author = {{Vogt}, Nicole P. and {Forbes}, Duncan A. and {Phillips}, Andrew C. and
         {Gronwall}, Caryl and {Faber}, S.~M. and {Illingworth}, Garth D. and
         {Koo}, David C.},
        title = "{Optical Rotation Curves of Distant Field Galaxies: Keck Results at Reshifts to Z approximately 1}",
      journal = {Astrophysical Journal Letters},
     keywords = {GALAXIES: KINEMATICS AND DYNAMICS, GALAXIES: EVOLUTION, Astrophysics},
         year = "1996",
        month = "Jul",
       volume = {465},
        pages = {L15},
          doi = {10.1086/310136},
archivePrefix = {arXiv},
       eprint = {astro-ph/9604096},
 primaryClass = {astro-ph},
       adsurl = {https://ui-adsabs-harvard-edu.ezproxy.obspm.fr/abs/1996ApJ...465L..15V},
      adsnote = {Provided by the SAO/NASA Astrophysics Data System}
}

@INPROCEEDINGS{Eisenhauer2003,
       author = {{Eisenhauer}, Frank and {Abuter}, Roberto and {Bickert}, Klaus and
         {Biancat-Marchet}, Fabio and {Bonnet}, Henri and {Brynnel}, Joar and
         {Conzelmann}, Ralf D. and {Delabre}, Bernard and {Donaldson}, Robert and
         {Farinato}, Jacopo},
        title = "{SINFONI - Integral field spectroscopy at 50 milli-arcsecond resolution with the ESO VLT}",
     keywords = {Astrophysics},
    booktitle = {Instrument Design and Performance for Optical/Infrared Ground-based Telescopes},
         year = "2003",
       editor = {{Iye}, Masanori and {Moorwood}, Alan F.~M.},
       series = {Society of Photo-Optical Instrumentation Engineers (SPIE) Conference Series},
       volume = {4841},
        month = "Mar",
        pages = {1548-1561},
          doi = {10.1117/12.459468},
archivePrefix = {arXiv},
       eprint = {astro-ph/0306191},
 primaryClass = {astro-ph},
       adsurl = {https://ui-adsabs-harvard-edu.ezproxy.obspm.fr/abs/2003SPIE.4841.1548E},
      adsnote = {Provided by the SAO/NASA Astrophysics Data System}
}

@ARTICLE{Schreiber2009,
       author = {{F{\"o}rster Schreiber}, N.~M. and {Genzel}, R. and {Bouch{\'e}}, N. and
         {Cresci}, G. and {Davies}, R. and {Buschkamp}, P. and {Shapiro}, K. and
         {Tacconi}, L.~J. and {Hicks}, E.~K.~S. and {Genel}, S.},
        title = "{The SINS Survey: SINFONI Integral Field Spectroscopy of z \raisebox{-0.5ex}\textasciitilde 2 Star-forming Galaxies}",
      journal = {The Astrophysical Journal},
     keywords = {galaxies: evolution, galaxies: high-redshift, galaxies: kinematics and dynamics, infrared: galaxies, Astrophysics - Cosmology and Extragalactic Astrophysics, Astrophysics - Galaxy Astrophysics},
         year = "2009",
        month = "Dec",
       volume = {706},
       number = {2},
        pages = {1364-1428},
          doi = {10.1088/0004-637X/706/2/1364},
archivePrefix = {arXiv},
       eprint = {0903.1872},
 primaryClass = {astro-ph.CO},
       adsurl = {https://ui-adsabs-harvard-edu.ezproxy.obspm.fr/abs/2009ApJ...706.1364F},
      adsnote = {Provided by the SAO/NASA Astrophysics Data System}
}

@ARTICLE{Law2007,
       author = {{Law}, David R. and {Steidel}, Charles C. and {Erb}, Dawn K. and
         {Larkin}, James E. and {Pettini}, Max and {Shapley}, Alice E. and
         {Wright}, Shelley A.},
        title = "{Integral Field Spectroscopy of High-Redshift Star-forming Galaxies with Laser-guided Adaptive Optics: Evidence for Dispersion-dominated Kinematics}",
      journal = {The Astrophysical Journal},
     keywords = {Galaxies: High-Redshift, Galaxies: Kinematics and Dynamics, Galaxies: Starburst, Astrophysics},
         year = "2007",
        month = "Nov",
       volume = {669},
       number = {2},
        pages = {929-946},
          doi = {10.1086/521786},
archivePrefix = {arXiv},
       eprint = {0707.3634},
 primaryClass = {astro-ph},
       adsurl = {https://ui.adsabs.harvard.edu/abs/2007ApJ...669..929L},
      adsnote = {Provided by the SAO/NASA Astrophysics Data System}
}







@ARTICLE{PetroRadandMag,
       author = {{Graham}, Alister W. and {Driver}, Simon P. and {Petrosian}, Vah{\'e} and
         {Conselice}, Christopher J. and {Bershady}, Matthew A. and
         {Crawford}, Steven M. and {Goto}, Tomotsugu},
        title = "{Total Galaxy Magnitudes and Effective Radii from Petrosian Magnitudes and Radii}",
      journal = {The Astronomical Journal},
     keywords = {Galaxies: Fundamental Parameters, Galaxies: Structure, Methods: Analytical, Methods: Data Analysis, Astrophysics},
         year = "2005",
        month = "Oct",
       volume = {130},
       number = {4},
        pages = {1535-1544},
          doi = {10.1086/444475},
archivePrefix = {arXiv},
       eprint = {astro-ph/0504287},
 primaryClass = {astro-ph},
       adsurl = {https://ui.adsabs.harvard.edu/abs/2005AJ....130.1535G},
      adsnote = {Provided by the SAO/NASA Astrophysics Data System}
}

@ARTICLE{Sersic1963,
   author = {{S{\'e}rsic}, J.~L.},
    title = "{Influence of the atmospheric and instrumental dispersion on the brightness distribution in a galaxy}",
  journal = {Boletin de la Asociacion Argentina de Astronomia La Plata Argentina},
     year = 1963,
   volume = 6,
    pages = {41},
   adsurl = {http://adsabs.harvard.edu/abs/1963BAAA....6...41S},
  adsnote = {Provided by the SAO/NASA Astrophysics Data System}
}

@ARTICLE{SExtractor,
   author = {{Bertin}, E. and {Arnouts}, S.},
    title = "{SExtractor: Software for source extraction.}",
  journal = {Astronomy and Astrophysics Supplement},
 keywords = {METHODS: DATA ANALYSIS, TECHNIQUES: IMAGE PROCESSING, GALAXIES: PHOTOMETRY},
     year = 1996,
    month = jun,
   volume = 117,
    pages = {393-404},
      doi = {10.1051/aas:1996164},
   adsurl = {http://adsabs.harvard.edu/abs/1996A%26AS..117..393B},
  adsnote = {Provided by the SAO/NASA Astrophysics Data System}
}

@INPROCEEDINGS{GIM2D,
       author = {{Simard}, L.},
        title = "{GIM2D: an IRAF package for the Quantitative Morphology Analysis of Distant Galaxies}",
    booktitle = {Astronomical Data Analysis Software and Systems VII},
         year = "1998",
       editor = {{Albrecht}, Rudolf and {Hook}, Richard N. and {Bushouse}, Howard A.},
       series = {Astronomical Society of the Pacific Conference Series},
       volume = {145},
        month = "Jan",
        pages = {108},
       adsurl = {https://ui.adsabs.harvard.edu/abs/1998ASPC..145..108S},
      adsnote = {Provided by the SAO/NASA Astrophysics Data System}
}

@ARTICLE{GALFIT,
   author = {{Peng}, C.~Y. and {Ho}, L.~C. and {Impey}, C.~D. and {Rix}, H.-W.
	},
    title = "{Detailed Structural Decomposition of Galaxy Images}",
  journal = {The Astronomical Journal},
   eprint = {astro-ph/0204182},
 keywords = {Galaxies: Bulges, Galaxies: Fundamental Parameters, Galaxies: Nuclei, Galaxies: Structure, Techniques: Image Processing, Techniques: Photometric},
     year = 2002,
    month = jul,
   volume = 124,
    pages = {266-293},
      doi = {10.1086/340952},
   adsurl = {http://adsabs.harvard.edu/abs/2002AJ....124..266P},
  adsnote = {Provided by the SAO/NASA Astrophysics Data System}
}

@ARTICLE{MoffatProfile,
   author = {{Moffat}, A.~F.~J.},
    title = "{A Theoretical Investigation of Focal Stellar Images in the Photographic Emulsion and Application to Photographic Photometry}",
  journal = {Astronomy and Astrophysics},
     year = 1969,
    month = dec,
   volume = 3,
    pages = {455},
   adsurl = {http://adsabs.harvard.edu/abs/1969A%26A.....3..455M},
  adsnote = {Provided by the SAO/NASA Astrophysics Data System}
}

@ARTICLE{Bacon2015,
       author = {{Bacon}, R. and {Brinchmann}, J. and {Richard}, J. and {Contini}, T. and
         {Drake}, A. and {Franx}, M. and {Tacchella}, S. and {Vernet}, J. and
         {Wisotzki}, L. and {Blaizot}, J. and {Bouch{\'e}}, N. and
         {Bouwens}, R. and {Cantalupo}, S. and {Carollo}, C.~M. and
         {Carton}, D. and {Caruana}, J. and {Cl{\'e}ment}, B. and
         {Dreizler}, S. and {Epinat}, B. and {Guiderdoni}, B. and {Herenz}, C. and
         {Husser}, T. -O. and {Kamann}, S. and {Kerutt}, J. and
         {Kollatschny}, W. and {Krajnovic}, D. and {Lilly}, S. and
         {Martinsson}, T. and {Michel-Dansac}, L. and {Patricio}, V. and
         {Schaye}, J. and {Shirazi}, M. and {Soto}, K. and {Soucail}, G. and
         {Steinmetz}, M. and {Urrutia}, T. and {Weilbacher}, P. and
         {de Zeeuw}, T.},
        title = "{The MUSE 3D view of the Hubble Deep Field South}",
      journal = {Astronomy and Astrophysics},
     keywords = {cosmology: observations, galaxies: evolution, galaxies: high-redshift, techniques: imaging spectroscopy, galaxies: formation, Astrophysics - Astrophysics of Galaxies, Astrophysics - Cosmology and Nongalactic Astrophysics, Astrophysics - Instrumentation and Methods for Astrophysics},
         year = "2015",
        month = "Mar",
       volume = {575},
          eid = {A75},
        pages = {A75},
          doi = {10.1051/0004-6361/201425419},
archivePrefix = {arXiv},
       eprint = {1411.7667},
 primaryClass = {astro-ph.GA},
       adsurl = {https://ui-adsabs-harvard-edu.ezproxy.obspm.fr/abs/2015A&A...575A..75B},
      adsnote = {Provided by the SAO/NASA Astrophysics Data System}
}

@ARTICLE{Bacon2017,
       author = {{Bacon}, Roland and {Conseil}, Simon and {Mary}, David and
         {Brinchmann}, Jarle and {Shepherd}, Martin and {Akhlaghi}, Mohammad and
         {Weilbacher}, Peter M. and {Piqueras}, Laure and {Wisotzki}, Lutz and
         {Lagattuta}, David and {Epinat}, Benoit and {Guerou}, Adrien and
         {Inami}, Hanae and {Cantalupo}, Sebastiano and
         {Courbot}, Jean Baptiste and {Contini}, Thierry and {Richard}, Johan and
         {Maseda}, Michael and {Bouwens}, Rychard and {Bouch{\'e}}, Nicolas and
         {Kollatschny}, Wolfram and {Schaye}, Joop and {Marino}, Raffaella Anna and
         {Pello}, Roser and {Herenz}, Christian and {Guiderdoni}, Bruno and
         {Carollo}, Marcella},
        title = "{The MUSE Hubble Ultra Deep Field Survey. I. Survey description, data reduction, and source detection}",
      journal = {Astronomy and Astrophysics},
     keywords = {galaxies: distances and redshifts, galaxies: high-redshift, cosmology: observations, methods: data analysis, techniques: imaging spectroscopy, galaxies: formation, Astrophysics - Astrophysics of Galaxies},
         year = "2017",
        month = "Nov",
       volume = {608},
          eid = {A1},
        pages = {A1},
          doi = {10.1051/0004-6361/201730833},
archivePrefix = {arXiv},
       eprint = {1710.03002},
 primaryClass = {astro-ph.GA},
       adsurl = {https://ui-adsabs-harvard-edu.ezproxy.obspm.fr/abs/2017A&A...608A...1B},
      adsnote = {Provided by the SAO/NASA Astrophysics Data System}
}

@ARTICLE{Guerou2017,
       author = {{Gu{\'e}rou}, Adrien and {Krajnovi{\'c}}, Davor and {Epinat}, Benoit and
         {Contini}, Thierry and {Emsellem}, Eric and {Bouch{\'e}}, Nicolas and
         {Bacon}, Roland and {Michel-Dansac}, Leo and {Richard}, Johan and
         {Weilbacher}, Peter M. and {Schaye}, Joop and {Marino}, Raffaella Anna and
         {den Brok}, Mark and {Erroz-Ferrer}, Santiago},
        title = "{The MUSE Hubble Ultra Deep Field Survey. V. Spatially resolved stellar kinematics of galaxies at redshift 0.2 {\ensuremath{\lesssim}} z {\ensuremath{\lesssim}} 0.8}",
      journal = {Astronomy and Astrophysics},
     keywords = {galaxies: formation, galaxies: evolution, galaxies: kinematics and dynamics, galaxies: stellar content, Astrophysics - Astrophysics of Galaxies},
         year = "2017",
        month = "Nov",
       volume = {608},
          eid = {A5},
        pages = {A5},
          doi = {10.1051/0004-6361/201730905},
archivePrefix = {arXiv},
       eprint = {1710.07694},
 primaryClass = {astro-ph.GA},
       adsurl = {https://ui.adsabs.harvard.edu/abs/2017A&A...608A...5G},
      adsnote = {Provided by the SAO/NASA Astrophysics Data System}
}

@ARTICLE{Epinat2008,
       author = {{Epinat}, B. and {Amram}, P. and {Marcelin}, M. and {Balkowski}, C. and
         {Daigle}, O. and {Hernandez}, O. and {Chemin}, L. and {Carignan}, C. and
         {Gach}, J. -L. and {Balard}, P.},
        title = "{GHASP: an H{\ensuremath{\alpha}} kinematic survey of spiral and irregular galaxies - VI. New H{\ensuremath{\alpha}} data cubes for 108 galaxies}",
      journal = {Monthly Notices of the Royal Astronomical Society},
     keywords = {Astrophysics},
         year = "2008",
        month = "Aug",
       volume = {388},
       number = {2},
        pages = {500-550},
          doi = {10.1111/j.1365-2966.2008.13422.x},
archivePrefix = {arXiv},
       eprint = {0805.0976},
 primaryClass = {astro-ph},
       adsurl = {https://ui-adsabs-harvard-edu.ezproxy.obspm.fr/abs/2008MNRAS.388..500E},
      adsnote = {Provided by the SAO/NASA Astrophysics Data System}
}

@ARTICLE{Epinat2012,
       author = {{Epinat}, B. and {Tasca}, L. and {Amram}, P. and {Contini}, T. and
         {Le F{\`e}vre}, O. and {Queyrel}, J. and {Vergani}, D. and
         {Garilli}, B. and {Kissler-Patig}, M. and {Moultaka}, J. and
         {Paioro}, L. and {Tresse}, L. and {Bournaud}, F. and
         {L{\'o}pez-Sanjuan}, C. and {Perret}, V.},
        title = "{MASSIV: Mass Assembly Survey with SINFONI in VVDS. II. Kinematics and close environment classification}",
      journal = {Astronomy and Astrophysics},
     keywords = {galaxies: evolution, galaxies: formation, galaxies: kinematics and dynamics, galaxies: high-redshift, Astrophysics - Cosmology and Nongalactic Astrophysics},
         year = "2012",
        month = "Mar",
       volume = {539},
          eid = {A92},
        pages = {A92},
          doi = {10.1051/0004-6361/201117711},
archivePrefix = {arXiv},
       eprint = {1201.3329},
 primaryClass = {astro-ph.CO},
       adsurl = {https://ui-adsabs-harvard-edu.ezproxy.obspm.fr/abs/2012A&A...539A..92E},
      adsnote = {Provided by the SAO/NASA Astrophysics Data System}
}

@ARTICLE{Swinbank2017,
       author = {{Swinbank}, A.~M. and {Harrison}, C.~M. and {Trayford}, J. and
         {Schaller}, M. and {Smail}, Ian and {Schaye}, J. and {Theuns}, T. and
         {Smit}, R. and {Alexander}, D.~M. and {Bacon}, R. and {Bower}, R.~G. and
         {Contini}, T. and {Crain}, R.~A. and {de Breuck}, C. and {Decarli}, R. and
         {Epinat}, B. and {Fumagalli}, M. and {Furlong}, M. and {Galametz}, A. and
         {Johnson}, H.~L. and {Lagos}, C. and {Richard}, J. and {Vernet}, J. and
         {Sharples}, R.~M. and {Sobral}, D. and {Stott}, J.~P.},
        title = "{Angular momentum evolution of galaxies over the past 10 Gyr: a MUSE and KMOS dynamical survey of 400 star-forming galaxies from z = 0.3 to 1.7}",
      journal = {Monthly Notices of the Royal Astronomical Society},
     keywords = {galaxies: evolution, galaxies: high-redshift, galaxies: dynamics, Astrophysics - Astrophysics of Galaxies},
         year = "2017",
        month = "May",
       volume = {467},
       number = {3},
        pages = {3140-3159},
          doi = {10.1093/mnras/stx201},
archivePrefix = {arXiv},
       eprint = {1701.07448},
 primaryClass = {astro-ph.GA},
       adsurl = {https://ui-adsabs-harvard-edu.ezproxy.obspm.fr/abs/2017MNRAS.467.3140S},
      adsnote = {Provided by the SAO/NASA Astrophysics Data System}
}

@ARTICLE{Scarlata2007,
       author = {{Scarlata}, C. and {Carollo}, C.~M. and {Lilly}, S. and
         {Sargent}, M.~T. and {Feldmann}, R. and {Kampczyk}, P. and
         {Porciani}, C. and {Koekemoer}, A. and {Scoville}, N. and
         {Kneib}, J. -P. and {Leauthaud}, A. and {Massey}, R. and {Rhodes}, J. and
         {Tasca}, L. and {Capak}, P. and {Maier}, C. and {McCracken}, H.~J. and
         {Mobasher}, B. and {Renzini}, A. and {Taniguchi}, Y. and
         {Thompson}, D. and {Sheth}, K. and {Ajiki}, M. and {Aussel}, H. and
         {Murayama}, T. and {Sanders}, D.~B. and {Sasaki}, S. and {Shioya}, Y. and
         {Takahashi}, M.},
        title = "{COSMOS Morphological Classification with the Zurich Estimator of Structural Types (ZEST) and the Evolution Since z = 1 of the Luminosity Function of Early, Disk, and Irregular Galaxies}",
      journal = {The Astrophysical Journal Supplement Series},
     keywords = {Cosmology: Observations, Cosmology: Dark Matter, Galaxies: Evolution, Galaxies: Formation, Cosmology: Large-Scale Structure of Universe, Surveys},
         year = "2007",
        month = "Sep",
       volume = {172},
       number = {1},
        pages = {406-433},
          doi = {10.1086/516582},
       adsurl = {https://ui.adsabs.harvard.edu/abs/2007ApJS..172..406S},
      adsnote = {Provided by the SAO/NASA Astrophysics Data System}
}

@ARTICLE{Abraham1994,
       author = {{Abraham}, Roberto G. and {Valdes}, Francisco and {Yee}, H.~K.~C. and
         {van den Bergh}, Sidney},
        title = "{The Morphologies of Distant Galaxies. I. an Automated Classification System}",
      journal = {Astrophysical Journal},
     keywords = {Astronomical Models, Computerized Simulation, Galactic Clusters, Image Classification, Mathematical Models, Morphology, Sky Surveys (Astronomy), Astronomical Photometry, Atmospheric Effects, Atmospheric Turbulence, Charge Coupled Devices, Monte Carlo Method, Seeing (Astronomy), Astrophysics, GALAXIES: FUNDAMENTAL PARAMETERS, GALAXIES: PHOTOMETRY},
         year = "1994",
        month = "Sep",
       volume = {432},
        pages = {75},
          doi = {10.1086/174550},
       adsurl = {https://ui.adsabs.harvard.edu/abs/1994ApJ...432...75A},
      adsnote = {Provided by the SAO/NASA Astrophysics Data System}
}

@ARTICLE{Lotz2004,
       author = {{Lotz}, Jennifer M. and {Primack}, Joel and {Madau}, Piero},
        title = "{A New Nonparametric Approach to Galaxy Morphological Classification}",
      journal = {The Astronomical Journal},
     keywords = {Galaxies: Fundamental Parameters, Galaxies: High-Redshift, Galaxies: Peculiar, Galaxies: Structure, Astrophysics},
         year = "2004",
        month = "Jul",
       volume = {128},
       number = {1},
        pages = {163-182},
          doi = {10.1086/421849},
archivePrefix = {arXiv},
       eprint = {astro-ph/0311352},
 primaryClass = {astro-ph},
       adsurl = {https://ui.adsabs.harvard.edu/abs/2004AJ....128..163L},
      adsnote = {Provided by the SAO/NASA Astrophysics Data System}
}

@ARTICLE{Bershady2000,
       author = {{Bershady}, Matthew A. and {Jangren}, Anna and
         {Conselice}, Christopher J.},
        title = "{Structural and Photometric Classification of Galaxies. I. Calibration Based on a Nearby Galaxy Sample}",
      journal = {The Astronomical Journal},
     keywords = {Galaxies: Compact, Galaxies: Fundamental Parameters, Galaxies: Starburst, Astrophysics},
         year = "2000",
        month = "Jun",
       volume = {119},
       number = {6},
        pages = {2645-2663},
          doi = {10.1086/301386},
archivePrefix = {arXiv},
       eprint = {astro-ph/0002262},
 primaryClass = {astro-ph},
       adsurl = {https://ui.adsabs.harvard.edu/abs/2000AJ....119.2645B},
      adsnote = {Provided by the SAO/NASA Astrophysics Data System}
}


@ARTICLE{Kent1985,
       author = {{Kent}, S.~M.},
        title = "{CCD surface photometry of field galaxies. II. Bulge/disk decompositions.}",
      journal = {Astrophysical Journal, Suppl. Ser.},
     keywords = {Astronomical Photometry, Disk Galaxies, Galactic Bulge, Galactic Structure, Spiral Galaxies, Astronomical Catalogs, Bulging, Charge Coupled Devices, Elliptical Galaxies, Radial Distribution, Astrophysics},
         year = "1985",
        month = "Oct",
       volume = {59},
        pages = {115-159},
          doi = {10.1086/191066},
       adsurl = {https://ui.adsabs.harvard.edu/abs/1985ApJS...59..115K},
      adsnote = {Provided by the SAO/NASA Astrophysics Data System}
}

@ARTICLE{Schade1995,
       author = {{Schade}, David and {Lilly}, S.~J. and {Crampton}, David and
         {Hammer}, F. and {Le Fevre}, O. and {Tresse}, L.},
        title = "{Canada-France Redshift Survey: Hubble Space Telescope Imaging of High-Redshift Field Galaxies}",
      journal = {Astrophysical Journal Letters},
     keywords = {GALAXIES: EVOLUTION, GALAXIES: FUNDAMENTAL PARAMETERS, Astrophysics},
         year = "1995",
        month = "Sep",
       volume = {451},
        pages = {L1},
          doi = {10.1086/309677},
archivePrefix = {arXiv},
       eprint = {astro-ph/9507028},
 primaryClass = {astro-ph},
       adsurl = {https://ui.adsabs.harvard.edu/abs/1995ApJ...451L...1S},
      adsnote = {Provided by the SAO/NASA Astrophysics Data System}
}

@ARTICLE{Abraham1996,
       author = {{Abraham}, Roberto G. and {van den Bergh}, Sidney and
         {Glazebrook}, Karl and {Ellis}, Richard S. and {Santiago}, Basilio X. and
         {Surma}, Peter and {Griffiths}, Richard E.},
        title = "{The Morphologies of Distant Galaxies. II. Classifications from the Hubble Space Telescope Medium Deep Survey}",
      journal = {
    Astrophysical Journal Supplement},
     keywords = {GALAXIES: EVOLUTION, GALAXIES: FUNDAMENTAL PARAMETERS, GALAXIES: INTERACTIONS, SURVEYS},
         year = "1996",
        month = "Nov",
       volume = {107},
        pages = {1},
          doi = {10.1086/192352},
       adsurl = {https://ui.adsabs.harvard.edu/abs/1996ApJS..107....1A},
      adsnote = {Provided by the SAO/NASA Astrophysics Data System}
}

@ARTICLE{Conselice1997,
       author = {{Conselice}, C.~J.},
        title = "{The Symmetry, Color, and Morphology of Galaxies}",
      journal = {
    Publications of the Astronomical Society of the Pacific},
     keywords = {GALAXIES: FUNDAMENTAL PARAMETERS, GALAXIES: SPIRAL, GALAXIES: STRUCTURE, Astrophysics},
         year = "1997",
        month = "Nov",
       volume = {109},
        pages = {1251-1255},
          doi = {10.1086/134004},
archivePrefix = {arXiv},
       eprint = {astro-ph/9710234},
 primaryClass = {astro-ph},
       adsurl = {https://ui.adsabs.harvard.edu/abs/1997PASP..109.1251C},
      adsnote = {Provided by the SAO/NASA Astrophysics Data System}
}

@ARTICLE{Scoville2007,
       author = {{Scoville}, N. and {Aussel}, H. and {Brusa}, M. and {Capak}, P. and
         {Carollo}, C.~M. and {Elvis}, M. and {Giavalisco}, M. and {Guzzo}, L. and
         {Hasinger}, G. and {Impey}, C. and {Kneib}, J. -P. and {LeFevre}, O. and
         {Lilly}, S.~J. and {Mobasher}, B. and {Renzini}, A. and {Rich}, R.~M. and
         {Sanders}, D.~B. and {Schinnerer}, E. and {Schminovich}, D. and
         {Shopbell}, P. and {Taniguchi}, Y. and {Tyson}, N.~D.},
        title = "{The Cosmic Evolution Survey (COSMOS): Overview}",
      journal = {The Astrophysical Journal Supplement Series},
     keywords = {Cosmology: Observations, Cosmology: Dark Matter, Galaxies: Evolution, Galaxies: Formation, Cosmology: Large-Scale Structure of Universe, Surveys, Astrophysics},
         year = "2007",
        month = "Sep",
       volume = {172},
       number = {1},
        pages = {1-8},
          doi = {10.1086/516585},
archivePrefix = {arXiv},
       eprint = {astro-ph/0612305},
 primaryClass = {astro-ph},
       adsurl = {https://ui.adsabs.harvard.edu/abs/2007ApJS..172....1S},
      adsnote = {Provided by the SAO/NASA Astrophysics Data System}
}

@ARTICLE{Tremonti2004,
       author = {{Tremonti}, Christy A. and {Heckman}, Timothy M. and
         {Kauffmann}, Guinevere and {Brinchmann}, Jarle and
         {Charlot}, St{\'e}phane and {White}, Simon D.~M. and {Seibert}, Mark and
         {Peng}, Eric W. and {Schlegel}, David J. and {Uomoto}, Alan and
         {Fukugita}, Masataka and {Brinkmann}, Jon},
        title = "{The Origin of the Mass-Metallicity Relation: Insights from 53,000 Star-forming Galaxies in the Sloan Digital Sky Survey}",
      journal = {The Astrophysical Journal},
     keywords = {Galaxies: Abundances, Galaxies: Evolution, Galaxies: Fundamental Parameters, Galaxies: Statistics, Astrophysics},
         year = "2004",
        month = "Oct",
       volume = {613},
       number = {2},
        pages = {898-913},
          doi = {10.1086/423264},
archivePrefix = {arXiv},
       eprint = {astro-ph/0405537},
 primaryClass = {astro-ph},
       adsurl = {https://ui.adsabs.harvard.edu/abs/2004ApJ...613..898T},
      adsnote = {Provided by the SAO/NASA Astrophysics Data System}
}

@ARTICLE{Sanchez2006,
       author = {{S{\'a}nchez-Bl{\'a}zquez}, P. and {Peletier}, R.~F. and
         {Jim{\'e}nez-Vicente}, J. and {Cardiel}, N. and {Cenarro}, A.~J. and
         {Falc{\'o}n-Barroso}, J. and {Gorgas}, J. and {Selam}, S. and
         {Vazdekis}, A.},
        title = "{Medium-resolution Isaac Newton Telescope library of empirical spectra}",
      journal = {Monthly Notices of the Royal Astronomical Society},
     keywords = {atlases: stars: fundamental parameters: galaxies: stellar content, atlases, stars: fundamental parameters, galaxies: stellar content, Astrophysics},
         year = "2006",
        month = "Sep",
       volume = {371},
       number = {2},
        pages = {703-718},
          doi = {10.1111/j.1365-2966.2006.10699.x},
archivePrefix = {arXiv},
       eprint = {astro-ph/0607009},
 primaryClass = {astro-ph},
       adsurl = {https://ui.adsabs.harvard.edu/abs/2006MNRAS.371..703S},
      adsnote = {Provided by the SAO/NASA Astrophysics Data System}
}

@ARTICLE{Bruzual2003,
       author = {{Bruzual}, G. and {Charlot}, S.},
        title = "{Stellar population synthesis at the resolution of 2003}",
      journal = {Monthly Notices of the Royal Astronomical Society},
     keywords = {stars: evolution, galaxies: evolution, galaxies: formation, galaxies: stellar content, Astrophysics},
         year = "2003",
        month = "Oct",
       volume = {344},
       number = {4},
        pages = {1000-1028},
          doi = {10.1046/j.1365-8711.2003.06897.x},
archivePrefix = {arXiv},
       eprint = {astro-ph/0309134},
 primaryClass = {astro-ph},
       adsurl = {https://ui.adsabs.harvard.edu/abs/2003MNRAS.344.1000B},
      adsnote = {Provided by the SAO/NASA Astrophysics Data System}
}







%%%%%%%%%%%%%%%%%%%%
% Cosmology papers %
%%%%%%%%%%%%%%%%%%%%

@ARTICLE{Perlmutter1999,
       author = {{Perlmutter}, S. and {Aldering}, G. and {Goldhaber}, G. and
         {Knop}, R.~A. and {Nugent}, P. and {Castro}, P.~G. and {Deustua}, S. and
         {Fabbro}, S. and {Goobar}, A. and {Groom}, D.~E. and {Hook}, I.~M. and
         {Kim}, A.~G. and {Kim}, M.~Y. and {Lee}, J.~C. and {Nunes}, N.~J. and
         {Pain}, R. and {Pennypacker}, C.~R. and {Quimby}, R. and {Lidman}, C. and
         {Ellis}, R.~S. and {Irwin}, M. and {McMahon}, R.~G. and
         {Ruiz-Lapuente}, P. and {Walton}, N. and {Schaefer}, B. and
         {Boyle}, B.~J. and {Filippenko}, A.~V. and {Matheson}, T. and
         {Fruchter}, A.~S. and {Panagia}, N. and {Newberg}, H.~J.~M. and
         {Couch}, W.~J. and {Project}, The Supernova Cosmology},
        title = "{Measurements of {\ensuremath{\Omega}} and {\ensuremath{\Lambda}} from 42 High-Redshift Supernovae}",
      journal = {The Astrophysical Journal},
     keywords = {COSMOLOGY: OBSERVATIONS, COSMOLOGY: DISTANCE SCALE, STARS: SUPERNOVAE: GENERAL, Cosmology: Observations, Cosmology: Distance Scale, Stars: Supernovae: General, Astrophysics, High Energy Physics - Experiment, High Energy Physics - Phenomenology},
         year = "1999",
        month = "Jun",
       volume = {517},
       number = {2},
        pages = {565-586},
          doi = {10.1086/307221},
archivePrefix = {arXiv},
       eprint = {astro-ph/9812133},
 primaryClass = {astro-ph},
       adsurl = {https://ui-adsabs-harvard-edu.ezproxy.obspm.fr/abs/1999ApJ...517..565P},
      adsnote = {Provided by the SAO/NASA Astrophysics Data System}
}

@ARTICLE{Riess1998,
       author = {{Riess}, Adam G. and {Filippenko}, Alexei V. and {Challis}, Peter and
         {Clocchiatti}, Alejandro and {Diercks}, Alan and {Garnavich}, Peter M. and
         {Gilliland}, Ron L. and {Hogan}, Craig J. and {Jha}, Saurabh and
         {Kirshner}, Robert P. and {Leibundgut}, B. and {Phillips}, M.~M. and
         {Reiss}, David and {Schmidt}, Brian P. and {Schommer}, Robert A. and
         {Smith}, R. Chris and {Spyromilio}, J. and {Stubbs}, Christopher and
         {Suntzeff}, Nicholas B. and {Tonry}, John},
        title = "{Observational Evidence from Supernovae for an Accelerating Universe and a Cosmological Constant}",
      journal = {The Astrophysical Journal},
     keywords = {COSMOLOGY: OBSERVATIONS, STARS: SUPERNOVAE: GENERAL, Astrophysics},
         year = "1998",
        month = "Sep",
       volume = {116},
       number = {3},
        pages = {1009-1038},
          doi = {10.1086/300499},
archivePrefix = {arXiv},
       eprint = {astro-ph/9805201},
 primaryClass = {astro-ph},
       adsurl = {https://ui.adsabs.harvard.edu/abs/1998AJ....116.1009R},
      adsnote = {Provided by the SAO/NASA Astrophysics Data System}
}

%%%%%%%%%%%%%%%%%%%%
%Historical papers %
%%%%%%%%%%%%%%%%%%%%

@ARTICLE{Trimble1995,
       author = {{Trimble}, Virginia},
        title = "{The 1920 Shapley-Curtis Discussion: Background, Issues, and Aftermath}",
      journal = {Publications of the Astronomical Society of the Pacific},
     keywords = {HISTORY AND PHILOSOPHY OF ASTRONOMY},
         year = "1995",
        month = "Dec",
       volume = {107},
        pages = {1133},
          doi = {10.1086/133671},
       adsurl = {https://ui-adsabs-harvard-edu.ezproxy.obspm.fr/abs/1995PASP..107.1133T},
      adsnote = {Provided by the SAO/NASA Astrophysics Data System}
}

@ARTICLE{GrandDebate,
   author = {{Shapley}, H. and {Curtis}, H.~D.},
    title = "{The Scale of the Universe}",
  journal = {Bulletin of the National Research Council, Vol.~2, Part 3, No.~11, p.~171-217},
 keywords = {cosmology, great debate},
     year = "1921",
    month = "may",
   volume = {2},
    pages = {171-217},
   adsurl = {https://ui.adsabs.harvard.edu/abs/1921BuNRC...2..171S},
  adsnote = {Provided by the SAO/NASA Astrophysics Data System}
}

@ARTICLE{Hubble1922,
       author = {{Hubble}, E.~P.},
        title = "{A general study of diffuse galactic nebulae.}",
      journal = {Astrophysical Journal},
         year = "1922",
        month = "Oct",
       volume = {56},
        pages = {162-199},
          doi = {10.1086/142698},
       adsurl = {https://ui-adsabs-harvard-edu.ezproxy.obspm.fr/abs/1922ApJ....56..162H},
      adsnote = {Provided by the SAO/NASA Astrophysics Data System}
}

@ARTICLE{Hubble1926,
       author = {{Hubble}, E.~P.},
        title = "{Extragalactic nebulae.}",
      journal = {Astrophysical Journal},
         year = "1926",
        month = "Dec",
       volume = {64},
        pages = {321-369},
          doi = {10.1086/143018},
       adsurl = {https://ui-adsabs-harvard-edu.ezproxy.obspm.fr/abs/1926ApJ....64..321H},
      adsnote = {Provided by the SAO/NASA Astrophysics Data System}
}

@ARTICLE{Hubble1929,
       author = {{Hubble}, E.~P.},
        title = "{A Relation between Distance and Radial Velocity among Extra-Galactic Nebulae}",
      journal = {Contributions from the Mount Wilson Observatory},
     keywords = {Galaxies:  Hubble's Law},
         year = "1929",
        month = "Jan",
       volume = {3},
        pages = {23-28},
       adsurl = {https://ui.adsabs.harvard.edu/abs/1929CoMtW...3...23H},
      adsnote = {Provided by the SAO/NASA Astrophysics Data System}
}

@ARTICLE{Zwicky1937,
   author = {{Zwicky}, F.},
    title = "{On the Masses of Nebulae and of Clusters of Nebulae}",
  journal = {Astrophysical Journal},
     year = 1937,
    month = oct,
   volume = 86,
    pages = {217},
      doi = {10.1086/143864},
   adsurl = {https://ui.adsabs.harvard.edu/abs/1937ApJ....86..217Z},
  adsnote = {Provided by the SAO/NASA Astrophysics Data System}
}

@ARTICLE{Zwicky1933,
   author = {{Zwicky}, F.},
    title = "{Die Rotverschiebung von extragalaktischen Nebeln}",
  journal = {Helvetica Physica Acta},
     year = 1933,
   volume = 6,
    pages = {110-127},
   adsurl = {https://ui.adsabs.harvard.edu/abs/1933AcHPh...6..110Z},
  adsnote = {Provided by the SAO/NASA Astrophysics Data System}
}

@ARTICLE{Rubin1970,
       author = {{Rubin}, Vera C. and {Ford}, W. Kent, Jr.},
        title = "{Rotation of the Andromeda Nebula from a Spectroscopic Survey of Emission Regions}",
      journal = {Astrophysical Journal},
         year = "1970",
        month = "Feb",
       volume = {159},
        pages = {379},
          doi = {10.1086/150317},
       adsurl = {https://ui-adsabs-harvard-edu.ezproxy.obspm.fr/abs/1970ApJ...159..379R},
      adsnote = {Provided by the SAO/NASA Astrophysics Data System}
}

@ARTICLE{Rubin1978,
       author = {{Rubin}, V.~C. and {Ford}, W.~K., Jr. and {Thonnard}, N.},
        title = "{Extended rotation curves of high-luminosity spiral galaxies. IV. Systematic dynamical properties, Sa -\&gt; Sc.}",
      journal = {Astrophysical Journal},
     keywords = {Angular Velocity, Galactic Rotation, Galactic Structure, Luminous Intensity, Spiral Galaxies, Astrodynamics, Astronomical Models, Curves (Geometry), Galactic Radiation, Astrophysics, Spiral Galaxies:Internal Motions, Spiral Galaxies: Structure},
         year = "1978",
        month = "Nov",
       volume = {225},
        pages = {L107-L111},
          doi = {10.1086/182804},
       adsurl = {https://ui-adsabs-harvard-edu.ezproxy.obspm.fr/abs/1978ApJ...225L.107R},
      adsnote = {Provided by the SAO/NASA Astrophysics Data System}
}

