%% Insert your bibliography here


%%%%%%%%%%%%%%%%%
% COSMOS papers %
%%%%%%%%%%%%%%%%%

@article{laigle_cosmos2015_2016,
	title = {{THE} {COSMOS}2015 {CATALOG}: {EXPLORING} {THE} 1 {\textless} \textit{z} {\textless} 6 {UNIVERSE} {WITH} {HALF} {A} {MILLION} {GALAXIES}},
	volume = {224},
	issn = {1538-4365},
	shorttitle = {{THE} {COSMOS}2015 {CATALOG}},
	doi = {10.3847/0067-0049/224/2/24},
	number = {2},
	urldate = {2019-03-21},
	journal = {The Astrophysical Journal Supplement Series},
	author = {Laigle, C. and McCracken, H. J. and others},
	month = jun,
	year = {2016},
	pages = {24},
	file = {Laigle et al. - 2016 - THE COSMOS2015 CATALOG EXPLORING THE 1  izi.pdf:/home/wilfried/Zotero/storage/CKAYJQSD/Laigle et al. - 2016 - THE COSMOS2015 CATALOG EXPLORING THE 1  izi.pdf:application/pdf}
}

@ARTICLE{Knobel2009,
       author = {{Knobel}, C. and {Lilly}, S.~J. and others},
        title = "{An Optical Group Catalog to z = 1 from the zCOSMOS 10 k Sample}",
      journal = {The Astrophysical Journal},
     keywords = {catalogs, galaxies: clusters: general, galaxies: high-redshift, methods: data analysis, Astrophysics - Cosmology and Extragalactic Astrophysics, Astrophysics - Instrumentation and Methods for Astrophysics},
         year = "2009",
        month = "Jun",
       volume = {697},
       number = {2},
        pages = {1842-1860},
          doi = {10.1088/0004-637X/697/2/1842},
archivePrefix = {arXiv},
       eprint = {0903.3411},
 primaryClass = {astro-ph.CO},
       adsurl = {https://ui.adsabs.harvard.edu/abs/2009ApJ...697.1842K},
      adsnote = {Provided by the SAO/NASA Astrophysics Data System}
}

@ARTICLE{Knobel2012,
       author = {{Knobel}, C. and {Lilly}, S.~J. and others},
        title = "{The zCOSMOS 20k Group Catalog}",
      journal = {The Astrophysical Journal},
     keywords = {catalogs, cosmology: observations, galaxies: evolution, galaxies: groups: general, large-scale structure of universe, methods: data analysis, Astrophysics - Cosmology and Extragalactic Astrophysics},
         year = "2012",
        month = "Jul",
       volume = {753},
       number = {2},
          eid = {121},
        pages = {121},
          doi = {10.1088/0004-637X/753/2/121},
archivePrefix = {arXiv},
       eprint = {1207.0002},
 primaryClass = {astro-ph.CO},
       adsurl = {https://ui.adsabs.harvard.edu/abs/2012ApJ...753..121K},
      adsnote = {Provided by the SAO/NASA Astrophysics Data System}
}

%%%%%%%%%%%
% Reviews %
%%%%%%%%%%%

@ARTICLE{Freundlich2019,
       author = {{Freundlich}, J. and {Combes}, F. and {Tacconi}, L.~J. and {Genzel}, R. and
         {Garcia-Burillo}, S. and {Neri}, R. and {Contini}, T. and
         {Bolatto}, A. and {Lilly}, S. and {Salom{\'e}}, P.},
        title = "{PHIBSS2: survey design and z = 0.5 - 0.8 results. Molecular gas reservoirs during the winding-down of star formation}",
      journal = {Astronomy and Astrophysics},
     keywords = {galaxies: evolution, galaxies: high-redshift, galaxies: star formation, galaxies: ISM, ISM: molecules, Astrophysics - Astrophysics of Galaxies},
         year = "2019",
        month = "Feb",
       volume = {622},
          eid = {A105},
        pages = {A105},
          doi = {10.1051/0004-6361/201732223},
archivePrefix = {arXiv},
       eprint = {1812.08180},
 primaryClass = {astro-ph.GA},
       adsurl = {https://ui-adsabs-harvard-edu.ezproxy.obspm.fr/abs/2019A&A...622A.105F},
      adsnote = {Provided by the SAO/NASA Astrophysics Data System}
}



@ARTICLE{Tacconi2018,
       author = {{Tacconi}, L.~J. and {Genzel}, R. and {Saintonge}, A. and {Combes}, F. and
         {Garc{\'\i}a-Burillo}, S. and {Neri}, R. and {Bolatto}, A. and
         {Contini}, T. and {F{\"o}rster Schreiber}, N.~M. and {Lilly}, S.},
        title = "{PHIBSS: Unified Scaling Relations of Gas Depletion Time and Molecular Gas Fractions}",
      journal = {The Astrophysical Journal},
     keywords = {galaxies: evolution, galaxies: high-redshift, galaxies: kinematics and dynamics, infrared: galaxies, Astrophysics - Astrophysics of Galaxies},
         year = "2018",
        month = "Feb",
       volume = {853},
       number = {2},
          eid = {179},
        pages = {179},
          doi = {10.3847/1538-4357/aaa4b4},
archivePrefix = {arXiv},
       eprint = {1702.01140},
 primaryClass = {astro-ph.GA},
       adsurl = {https://ui-adsabs-harvard-edu.ezproxy.obspm.fr/abs/2018ApJ...853..179T},
      adsnote = {Provided by the SAO/NASA Astrophysics Data System}
}



@ARTICLE{Hopkins2014,
   author = {{Hopkins}, P.~F. and {Kere{\v s}}, D. and {O{\~n}orbe}, J. and 
	{Faucher-Gigu{\`e}re}, C.-A. and {Quataert}, E. and {Murray}, N. and 
	{Bullock}, J.~S.},
    title = "{Galaxies on FIRE (Feedback In Realistic Environments): stellar feedback explains cosmologically inefficient star formation}",
  journal = {Monthly Notices of the Royal Astronomical Society},
archivePrefix = "arXiv",
   eprint = {1311.2073},
 keywords = {stars: formation, galaxies: active, galaxies: evolution, galaxies: formation, cosmology: theory},
     year = 2014,
    month = nov,
   volume = 445,
    pages = {581-603},
      doi = {10.1093/mnras/stu1738},
   adsurl = {https://ui.adsabs.harvard.edu/abs/2014MNRAS.445..581H},
  adsnote = {Provided by the SAO/NASA Astrophysics Data System}
}


@ARTICLE{Hung2019,
       author = {{Hung}, Chao-Ling and {Hayward}, Christopher C. and {Yuan}, Tiantian and
         {Boylan-Kolchin}, Michael and {Faucher-Gigu{\`e}re}, Claude-Andr{\'e} and
         {Hopkins}, Philip F. and {Kere{\v{s}}}, Du{\v{s}}an and
         {Murray}, Norman and {Wetzel}, Andrew},
        title = "{What drives the evolution of gas kinematics in star-forming galaxies?}",
      journal = {Monthly Notices of the Royal Astronomical Society},
     keywords = {galaxies: evolution, galaxies: kinematics and dynamics, galaxies: structure, Astrophysics - Astrophysics of Galaxies},
         year = "2019",
        month = "Feb",
       volume = {482},
       number = {4},
        pages = {5125-5137},
          doi = {10.1093/mnras/sty2970},
archivePrefix = {arXiv},
       eprint = {1806.04233},
 primaryClass = {astro-ph.GA},
       adsurl = {https://ui.adsabs.harvard.edu/abs/2019MNRAS.482.5125H},
      adsnote = {Provided by the SAO/NASA Astrophysics Data System}
}



@ARTICLE{Lehnert2013,
       author = {{Lehnert}, M.~D. and {Le Tiran}, L. and {Nesvadba}, N.~P.~H. and
         {van Driel}, W. and {Boulanger}, F. and {Di Matteo}, P.},
        title = "{On the self-regulation of intense star-formation in galaxies at z = 1-3}",
      journal = {Astronomy and Astrophysics},
     keywords = {galaxies: kinematics and dynamics, galaxies: evolution, galaxies: high-redshift, galaxies: ISM, galaxies: formation, galaxies: star formation, Astrophysics - Cosmology and Nongalactic Astrophysics},
         year = "2013",
        month = "Jul",
       volume = {555},
          eid = {A72},
        pages = {A72},
          doi = {10.1051/0004-6361/201220555},
archivePrefix = {arXiv},
       eprint = {1304.7734},
 primaryClass = {astro-ph.CO},
       adsurl = {https://ui.adsabs.harvard.edu/abs/2013A&A...555A..72L},
      adsnote = {Provided by the SAO/NASA Astrophysics Data System}
}



@ARTICLE{Mowla2018,
   author = {{Mowla}, L. and {van Dokkum}, P. and {Brammer}, G. and {Momcheva}, I. and 
	{van der Wel}, A. and {Whitaker}, K. and {Nelson}, E. and {Bezanson}, R. and 
	{Muzzin}, A. and {Franx}, M. and {MacKenty}, J. and {Leja}, J. and 
	{Kriek}, M. and {Marchesini}, D.},
    title = "{COSMOS-DASH: The Evolution of the Galaxy Size-Mass Relation Since z\~{}3 from new Wide Field WFC3 Imaging Combined with CANDELS/3DHST}",
  journal = {Astrophysical Journal},
archivePrefix = "arXiv",
   eprint = {1808.04379},
 keywords = {Astrophysics - Astrophysics of Galaxies, Astrophysics - Cosmology and Nongalactic Astrophysics, Astrophysics - Instrumentation and Methods for Astrophysics},
     year = 2018,
    month = aug,
   adsurl = {https://ui.adsabs.harvard.edu/abs/2018arXiv180804379M},
  adsnote = {Provided by the SAO/NASA Astrophysics Data System}
}

@ARTICLE{Toomre1964,
       author = {{Toomre}, A.},
        title = "{On the gravitational stability of a disk of stars.}",
      journal = {Astrophysical Journal},
         year = "1964",
        month = "May",
       volume = {139},
        pages = {1217-1238},
          doi = {10.1086/147861},
       adsurl = {https://ui.adsabs.harvard.edu/abs/1964ApJ...139.1217T},
      adsnote = {Provided by the SAO/NASA Astrophysics Data System}
}

@ARTICLE{Schaye2015,
       author = {{Schaye}, Joop and {Crain}, Robert A. and {Bower}, Richard G. and
         {Furlong}, Michelle and {Schaller}, Matthieu and {Theuns}, Tom and
         {Dalla Vecchia}, Claudio and {Frenk}, Carlos S. and {McCarthy}, I.~G. and
         {Helly}, John C.},
        title = "{The EAGLE project: simulating the evolution and assembly of galaxies and their environments}",
      journal = {Monthly Notices of the Royal Astronomical Society},
     keywords = {methods: numerical, galaxies: evolution, galaxies: formation, cosmology: theory, Astrophysics - Astrophysics of Galaxies, Astrophysics - Cosmology and Nongalactic Astrophysics},
         year = "2015",
        month = "Jan",
       volume = {446},
       number = {1},
        pages = {521-554},
          doi = {10.1093/mnras/stu2058},
archivePrefix = {arXiv},
       eprint = {1407.7040},
 primaryClass = {astro-ph.GA},
       adsurl = {https://ui-adsabs-harvard-edu.ezproxy.obspm.fr/abs/2015MNRAS.446..521S},
      adsnote = {Provided by the SAO/NASA Astrophysics Data System}
}



@ARTICLE{Genzel2017,
       author = {{Genzel}, R. and {Schreiber}, N.~M. F{\"o}rster and {{\"U}bler}, H. and
         {Lang}, P. and {Naab}, T. and {Bender}, R. and {Tacconi}, L.~J. and
         {Wisnioski}, E. and {Wuyts}, S. and {Alexander}, T.},
        title = "{Strongly baryon-dominated disk galaxies at the peak of galaxy formation ten billion years ago}",
      journal = {Nature},
     keywords = {Astrophysics - Astrophysics of Galaxies},
         year = "2017",
        month = "Mar",
       volume = {543},
       number = {7645},
        pages = {397-401},
          doi = {10.1038/nature21685},
archivePrefix = {arXiv},
       eprint = {1703.04310},
 primaryClass = {astro-ph.GA},
       adsurl = {https://ui-adsabs-harvard-edu.ezproxy.obspm.fr/abs/2017Natur.543..397G},
      adsnote = {Provided by the SAO/NASA Astrophysics Data System}
}



@ARTICLE{Lang2017,
       author = {{Lang}, Philipp and {F{\"o}rster Schreiber}, Natascha M. and
         {Genzel}, Reinhard and {Wuyts}, Stijn and {Wisnioski}, Emily and
         {Beifiori}, Alessandra and {Belli}, Sirio and {Bender}, Ralf and
         {Brammer}, Gabe and {Burkert}, Andreas},
        title = "{Falling Outer Rotation Curves of Star-forming Galaxies at 0.6 {\ensuremath{\lesssim}} z {\ensuremath{\lesssim}} 2.6 Probed with KMOS$^{3D}$ and SINS/zC-SINF}",
      journal = {The Astrophysical Journal},
     keywords = {galaxies: high-redshift, galaxies: kinematics and dynamics, galaxies: structure, Astrophysics - Astrophysics of Galaxies},
         year = "2017",
        month = "May",
       volume = {840},
       number = {2},
          eid = {92},
        pages = {92},
          doi = {10.3847/1538-4357/aa6d82},
archivePrefix = {arXiv},
       eprint = {1703.05491},
 primaryClass = {astro-ph.GA},
       adsurl = {https://ui-adsabs-harvard-edu.ezproxy.obspm.fr/abs/2017ApJ...840...92L},
      adsnote = {Provided by the SAO/NASA Astrophysics Data System}
}



@ARTICLE{Tiley2019,
       author = {{Tiley}, Alfred L. and {Swinbank}, A.~M. and {Harrison}, C.~M. and
         {Smail}, Ian and {Turner}, O.~J. and {Schaller}, M. and {Stott}, J.~P. and
         {Sobral}, D. and {Theuns}, T. and {Sharples}, R.~M.},
        title = "{The shapes of the rotation curves of star-forming galaxies over the last {\ensuremath{\approx}}10 Gyr}",
      journal = {Monthly Notices of the Royal Astronomical Society},
     keywords = {galaxies: evolution, galaxies: general, galaxies: kinematics and dynamics, galaxies: star formation, Astrophysics - Astrophysics of Galaxies},
         year = "2019",
        month = "May",
       volume = {485},
       number = {1},
        pages = {934-960},
          doi = {10.1093/mnras/stz428},
archivePrefix = {arXiv},
       eprint = {1811.05982},
 primaryClass = {astro-ph.GA},
       adsurl = {https://ui-adsabs-harvard-edu.ezproxy.obspm.fr/abs/2019MNRAS.485..934T},
      adsnote = {Provided by the SAO/NASA Astrophysics Data System}
}




@ARTICLE{Abraham1996b,
       author = {{Abraham}, R.~G. and {Tanvir}, N.~R. and others},
        title = "{Galaxy morphology to I=25 mag in the Hubble Deep Field}",
      journal = {Monthly Notices of the Royal Astronomical Society},
     keywords = {GALAXIES: EVOLUTION, GALAXIES: FORMATION, COSMOLOGY: OBSERVATIONS, Astrophysics},
         year = "1996",
        month = "Apr",
       volume = {279},
       number = {3},
        pages = {L47-L52},
          doi = {10.1093/mnras/279.3.L47},
archivePrefix = {arXiv},
       eprint = {astro-ph/9602044},
 primaryClass = {astro-ph},
       adsurl = {https://ui-adsabs-harvard-edu.ezproxy.obspm.fr/abs/1996MNRAS.279L..47A},
      adsnote = {Provided by the SAO/NASA Astrophysics Data System}
}



@ARTICLE{Abraham2007,
       author = {{Abraham}, Roberto G. and {Nair}, Preethi and others},
        title = "{The Gemini Deep Deep Survey. VIII. When Did Early-Type Galaxies Form?}",
      journal = {The Astrophysical Journal},
     keywords = {Galaxies: Evolution, Astrophysics},
         year = "2007",
        month = "Nov",
       volume = {669},
       number = {1},
        pages = {184-201},
          doi = {10.1086/521138},
archivePrefix = {arXiv},
       eprint = {astro-ph/0701779},
 primaryClass = {astro-ph},
       adsurl = {https://ui-adsabs-harvard-edu.ezproxy.obspm.fr/abs/2007ApJ...669..184A},
      adsnote = {Provided by the SAO/NASA Astrophysics Data System}
}



@ARTICLE{Leauthaud2007,
       author = {{Leauthaud}, Alexie and {Massey}, Richard and others},
        title = "{Weak Gravitational Lensing with COSMOS: Galaxy Selection and Shape Measurements}",
      journal = {The Astrophysical Journal Supplement Series},
     keywords = {Cosmology: Observations, Cosmology: Gravitational Lensing, Cosmology: Large-Scale Structure of Universe, Astrophysics},
         year = "2007",
        month = "Sep",
       volume = {172},
       number = {1},
        pages = {219-238},
          doi = {10.1086/516598},
archivePrefix = {arXiv},
       eprint = {astro-ph/0702359},
 primaryClass = {astro-ph},
       adsurl = {https://ui-adsabs-harvard-edu.ezproxy.obspm.fr/abs/2007ApJS..172..219L},
      adsnote = {Provided by the SAO/NASA Astrophysics Data System}
}


@ARTICLE{Epinat2010,
       author = {{Epinat}, B. and {Amram}, P. and others},
        title = "{Evidence for strong dynamical evolution in disc galaxies through the last 11 Gyr. GHASP VIII - a local reference sample of rotating disc galaxies for high-redshift studies}",
      journal = {Monthly Notices of the Royal Astronomical Society},
     keywords = {galaxies: evolution, galaxies: formation, galaxies: high-redshift, galaxies: irregular, galaxies: kinematics and dynamics, galaxies: spiral, Astrophysics - Cosmology and Nongalactic Astrophysics},
         year = "2010",
        month = "Feb",
       volume = {401},
       number = {4},
        pages = {2113-2147},
          doi = {10.1111/j.1365-2966.2009.15688.x},
archivePrefix = {arXiv},
       eprint = {0904.3891},
 primaryClass = {astro-ph.CO},
       adsurl = {https://ui-adsabs-harvard-edu.ezproxy.obspm.fr/abs/2010MNRAS.401.2113E},
      adsnote = {Provided by the SAO/NASA Astrophysics Data System}
}



@ARTICLE{Wright2009,
       author = {{Wright}, Shelley A. and {Larkin}, James E. and others},
        title = "{Dynamics of Galactic Disks and Mergers at z \raisebox{-0.5ex}\textasciitilde 1.6: Spatially Resolved Spectroscopy with Keck Laser Guide Star Adaptive Optics}",
      journal = {The Astrophysical Journal},
     keywords = {galaxies: evolution, galaxies: high-redshift, galaxies: kinematics and dynamics, infrared: galaxies, Astrophysics},
         year = "2009",
        month = "Jul",
       volume = {699},
       number = {1},
        pages = {421-440},
          doi = {10.1088/0004-637X/699/1/421},
archivePrefix = {arXiv},
       eprint = {0810.5599},
 primaryClass = {astro-ph},
       adsurl = {https://ui-adsabs-harvard-edu.ezproxy.obspm.fr/abs/2009ApJ...699..421W},
      adsnote = {Provided by the SAO/NASA Astrophysics Data System}
}



@ARTICLE{Courteau1997,
       author = {{Courteau}, Stephane},
        title = "{Optical Rotation Curves and Linewidths for Tully-Fisher Applications}",
      journal = {Astronomical Journal},
     keywords = {GALAXIES: SPIRAL, GALAXIES: KINEMATICS AND DYNAMICS, LOCAL GROUP, GALAXIES: FUNDAMENTAL PARAMETERS, Astrophysics},
         year = "1997",
        month = "Dec",
       volume = {114},
        pages = {2402},
          doi = {10.1086/118656},
archivePrefix = {arXiv},
       eprint = {astro-ph/9709201},
 primaryClass = {astro-ph},
       adsurl = {https://ui-adsabs-harvard-edu.ezproxy.obspm.fr/abs/1997AJ....114.2402C},
      adsnote = {Provided by the SAO/NASA Astrophysics Data System}
}




@ARTICLE{Freeman1970,
       author = {{Freeman}, K.~C.},
        title = "{On the Disks of Spiral and S0 Galaxies}",
      journal = {Astrophysical Journal},
         year = "1970",
        month = "Jun",
       volume = {160},
        pages = {811},
          doi = {10.1086/150474},
       adsurl = {https://ui-adsabs-harvard-edu.ezproxy.obspm.fr/abs/1970ApJ...160..811F},
      adsnote = {Provided by the SAO/NASA Astrophysics Data System}
}



@INPROCEEDINGS{Bacon2004,
       author = {{Bacon}, Roland and {Bauer}, Svend-Marian and others},
        title = "{The second-generation VLT instrument MUSE: science drivers and instrument design}",
    booktitle = {Ground-based Instrumentation for Astronomy},
         year = "2004",
       editor = {{Moorwood}, Alan F.~M. and {Iye}, Masanori},
       series = {Society of Photo-Optical Instrumentation Engineers (SPIE) Conference Series},
       volume = {5492},
        month = "Sep",
        pages = {1145-1149},
          doi = {10.1117/12.549009},
       adsurl = {https://ui-adsabs-harvard-edu.ezproxy.obspm.fr/abs/2004SPIE.5492.1145B},
      adsnote = {Provided by the SAO/NASA Astrophysics Data System}
}


@ARTICLE{Contini2016,
       author = {{Contini}, T. and {Epinat}, B. and {Bouch{\'e}}, N. and
         {Brinchmann}, J. and {Boogaard}, L.~A. and {Ventou}, E. and
         {Bacon}, R. and {Richard}, J. and {Weilbacher}, P.~M. and
         {Wisotzki}, L.},
        title = "{Deep MUSE observations in the HDFS. Morpho-kinematics of distant star-forming galaxies down to {}10$^{8}$M$_{\odot}$}",
      journal = {Astronomy and Astrophysics},
     keywords = {galaxies: evolution, galaxies: high-redshift, galaxies: kinematics and dynamics, Astrophysics - Astrophysics of Galaxies},
         year = "2016",
        month = "Jun",
       volume = {591},
          eid = {A49},
        pages = {A49},
          doi = {10.1051/0004-6361/201527866},
archivePrefix = {arXiv},
       eprint = {1512.00246},
 primaryClass = {astro-ph.GA},
       adsurl = {https://ui.adsabs.harvard.edu/abs/2016A&A...591A..49C},
      adsnote = {Provided by the SAO/NASA Astrophysics Data System}
}



@ARTICLE{Contini2012,
       author = {{Contini}, T. and {Garilli}, B. and others},
        title = "{MASSIV: Mass Assemby Survey with SINFONI in VVDS. I. Survey description and global properties of the 0.9 \&lt; z \&lt; 1.8 galaxy sample}",
      journal = {Astronomy and Astrophysics},
     keywords = {galaxies: kinematics and dynamics, galaxies: evolution, galaxies: high-redshift, galaxies: starburst, Astrophysics - Cosmology and Nongalactic Astrophysics},
         year = "2012",
        month = "Mar",
       volume = {539},
          eid = {A91},
        pages = {A91},
          doi = {10.1051/0004-6361/201117541},
archivePrefix = {arXiv},
       eprint = {1111.3631},
 primaryClass = {astro-ph.CO},
       adsurl = {https://ui-adsabs-harvard-edu.ezproxy.obspm.fr/abs/2012A&A...539A..91C},
      adsnote = {Provided by the SAO/NASA Astrophysics Data System}
}



@ARTICLE{Yang2008,
       author = {{Yang}, Y. and {Flores}, H. and others},
        title = "{IMAGES. I. Strong evolution of galaxy kinematics since z = 1}",
      journal = {Astronomy and Astrophysics},
     keywords = {galaxies: formation, galaxies: evolution, galaxies: kinematics and dynamics, Astrophysics},
         year = "2008",
        month = "Jan",
       volume = {477},
       number = {3},
        pages = {789-805},
          doi = {10.1051/0004-6361:20078219},
archivePrefix = {arXiv},
       eprint = {0711.2305},
 primaryClass = {astro-ph},
       adsurl = {https://ui-adsabs-harvard-edu.ezproxy.obspm.fr/abs/2008A&A...477..789Y},
      adsnote = {Provided by the SAO/NASA Astrophysics Data System}
}




@ARTICLE{Gnerucci2011,
       author = {{Gnerucci}, A. and {Marconi}, A.and others},
        title = "{Dynamical properties of AMAZE and LSD galaxies from gas kinematics and the Tully-Fisher relation at z \raisebox{-0.5ex}\textasciitilde 3}",
      journal = {Astronomy and Astrophysics},
     keywords = {galaxies: evolution, galaxies: formation, galaxies: fundamental parameters, galaxies: high-redshift, galaxies: kinematics and dynamics, Astrophysics - Cosmology and Nongalactic Astrophysics},
         year = "2011",
        month = "Apr",
       volume = {528},
          eid = {A88},
        pages = {A88},
          doi = {10.1051/0004-6361/201015465},
archivePrefix = {arXiv},
       eprint = {1007.4180},
 primaryClass = {astro-ph.CO},
       adsurl = {https://ui-adsabs-harvard-edu.ezproxy.obspm.fr/abs/2011A&A...528A..88G},
      adsnote = {Provided by the SAO/NASA Astrophysics Data System}
}



@ARTICLE{Cresci2009,
       author = {{Cresci}, G. and {Hicks}, E.~K.~S. and others},
        title = "{The SINS Survey: Modeling the Dynamics of z \raisebox{-0.5ex}\textasciitilde 2 Galaxies and the High-z Tully-Fisher Relation}",
      journal = {The Astrophysical Journal},
     keywords = {galaxies: evolution, galaxies: high-redshift, galaxies: kinematics and dynamics, infrared: galaxies, Astrophysics - Cosmology and Extragalactic Astrophysics},
         year = "2009",
        month = "May",
       volume = {697},
       number = {1},
        pages = {115-132},
          doi = {10.1088/0004-637X/697/1/115},
archivePrefix = {arXiv},
       eprint = {0902.4701},
 primaryClass = {astro-ph.CO},
       adsurl = {https://ui-adsabs-harvard-edu.ezproxy.obspm.fr/abs/2009ApJ...697..115C},
      adsnote = {Provided by the SAO/NASA Astrophysics Data System}
}



@ARTICLE{Pizagno2007,
       author = {{Pizagno}, James and {Prada}, Francisco and others},
        title = "{The Tully-Fisher Relation and its Residuals for a Broadly Selected Sample of Galaxies}",
      journal = {The Astronomical Journal},
     keywords = {galaxies: kinematics and dynamics, galaxies: structure, Astrophysics},
         year = "2007",
        month = "Sep",
       volume = {134},
       number = {3},
        pages = {945-972},
          doi = {10.1086/519522},
archivePrefix = {arXiv},
       eprint = {astro-ph/0608472},
 primaryClass = {astro-ph},
       adsurl = {https://ui-adsabs-harvard-edu.ezproxy.obspm.fr/abs/2007AJ....134..945P},
      adsnote = {Provided by the SAO/NASA Astrophysics Data System}
}


@ARTICLE{Vergani2012,
       author = {{Vergani}, D. and {Epinat}, B. and others},
        title = "{MASSIV: Mass Assembly Survey with SINFONI in VVDS. IV. Fundamental relations of star-forming galaxies at 1 \&lt; z \&lt; 1.6}",
      journal = {Astronomy and Astrophysics},
     keywords = {galaxies: high-redshift, galaxies: evolution, galaxies: kinematics and dynamics, galaxies: fundamental parameters, Astrophysics - Cosmology and Extragalactic Astrophysics},
         year = "2012",
        month = "Oct",
       volume = {546},
          eid = {A118},
        pages = {A118},
          doi = {10.1051/0004-6361/201118453},
archivePrefix = {arXiv},
       eprint = {1202.3107},
 primaryClass = {astro-ph.CO},
       adsurl = {https://ui-adsabs-harvard-edu.ezproxy.obspm.fr/abs/2012A&A...546A.118V},
      adsnote = {Provided by the SAO/NASA Astrophysics Data System}
}



@ARTICLE{Puech2008,
       author = {{Puech}, M. and {Flores}, H. and others},
        title = "{IMAGES. III. The evolution of the near-infrared Tully-Fisher relation over the last 6 Gyr}",
      journal = {Astronomy and Astrophysics},
     keywords = {galaxies: evolution, galaxies: kinematics and dynamics, galaxies: high-redshift, galaxies: general, galaxies:, interactions, galaxies: spiral, Astrophysics},
         year = "2008",
        month = "Jun",
       volume = {484},
       number = {1},
        pages = {173-187},
          doi = {10.1051/0004-6361:20079313},
archivePrefix = {arXiv},
       eprint = {0803.3002},
 primaryClass = {astro-ph},
       adsurl = {https://ui-adsabs-harvard-edu.ezproxy.obspm.fr/abs/2008A&A...484..173P},
      adsnote = {Provided by the SAO/NASA Astrophysics Data System}
}



@ARTICLE{Glazebrook2013,
       author = {{Glazebrook}, Karl},
        title = "{The Dawes Review 1: Kinematic Studies of Star-Forming Galaxies Across Cosmic Time}",
      journal = {Publications of the Astronomical Society of Australia},
     keywords = {galaxies: evolution, galaxies: formation, galaxies: high-redshift, galaxies: kinematics and dynamics, galaxies: stellar content, galaxies: structure, Astrophysics - Cosmology and Nongalactic Astrophysics, Astrophysics - Astrophysics of Galaxies},
         year = "2013",
        month = "Nov",
       volume = {30},
          eid = {e056},
        pages = {e056},
          doi = {10.1017/pasa.2013.34},
archivePrefix = {arXiv},
       eprint = {1305.2469},
 primaryClass = {astro-ph.CO},
       adsurl = {https://ui-adsabs-harvard-edu.ezproxy.obspm.fr/abs/2013PASA...30...56G},
      adsnote = {Provided by the SAO/NASA Astrophysics Data System}
}



%%%%%%%%%%
% Papers %
%%%%%%%%%%

@ARTICLE{Tully1977,
   author = {{Tully}, R.~B. and {Fisher}, J.~R.},
    title = "{A new method of determining distances to galaxies}",
  journal = {Astronomy and Astrophysics},
 keywords = {Distance Measuring Equipment, H Lines, Luminous Intensity, Spectral Line Width, Spiral Galaxies, Telescopes, Astronomical Photometry, Calibrating, Galactic Clusters, Galactic Structure, Hubble Diagram, Synoptic Measurement},
     year = 1977,
    month = feb,
   volume = 54,
    pages = {661-673},
   adsurl = {https://ui.adsabs.harvard.edu/abs/1977A%26A....54..661T},
  adsnote = {Provided by the SAO/NASA Astrophysics Data System}
}

@ARTICLE{Rubin1978,
   author = {{Rubin}, V.~C. and {Ford}, Jr., W.~K. and others},
    title = "{Extended rotation curves of high-luminosity spiral galaxies. IV - Systematic dynamical properties, SA through SC}",
  journal = {Astrophysical Journal},
 keywords = {Angular Velocity, Galactic Rotation, Galactic Structure, Luminous Intensity, Spiral Galaxies, Astrodynamics, Astronomical Models, Curves (Geometry), Galactic Radiation},
     year = 1978,
    month = nov,
   volume = 225,
    pages = {L107-L111},
      doi = {10.1086/182804},
   adsurl = {https://ui.adsabs.harvard.edu/abs/1978ApJ...225L.107R},
  adsnote = {Provided by the SAO/NASA Astrophysics Data System}
}

@ARTICLE{Boogaard2018,
   author = {{Boogaard}, L.~A. and {Brinchmann}, J. and others},
    title = "{The MUSE Hubble Ultra Deep Field Survey. XI. Constraining the low-mass end of the stellar mass - star formation rate relation at z < 1}",
  journal = {Astronomy and Astrophysics},
archivePrefix = "arXiv",
   eprint = {1808.04900},
 keywords = {galaxies: star formation, galaxies: formation, galaxies: evolution, galaxies: ISM, methods: statistical},
     year = 2018,
    month = nov,
   volume = 619,
      eid = {A27},
    pages = {A27},
      doi = {10.1051/0004-6361/201833136},
   adsurl = {https://ui.adsabs.harvard.edu/abs/2018A%26A...619A..27B},
  adsnote = {Provided by the SAO/NASA Astrophysics Data System}
}


@ARTICLE{Vogt1996,
       author = {{Vogt}, Nicole P. and {Forbes}, Duncan A. and others},
        title = "{Optical Rotation Curves of Distant Field Galaxies: Keck Results at Reshifts to Z approximately 1}",
      journal = {Astrophysical Journal Letters},
     keywords = {GALAXIES: KINEMATICS AND DYNAMICS, GALAXIES: EVOLUTION, Astrophysics},
         year = "1996",
        month = "Jul",
       volume = {465},
        pages = {L15},
          doi = {10.1086/310136},
archivePrefix = {arXiv},
       eprint = {astro-ph/9604096},
 primaryClass = {astro-ph},
       adsurl = {https://ui-adsabs-harvard-edu.ezproxy.obspm.fr/abs/1996ApJ...465L..15V},
      adsnote = {Provided by the SAO/NASA Astrophysics Data System}
}

@INPROCEEDINGS{Eisenhauer2003,
       author = {{Eisenhauer}, Frank and {Abuter}, Roberto and others},
        title = "{SINFONI - Integral field spectroscopy at 50 milli-arcsecond resolution with the ESO VLT}",
     keywords = {Astrophysics},
    booktitle = {Instrument Design and Performance for Optical/Infrared Ground-based Telescopes},
         year = "2003",
       editor = {{Iye}, Masanori and {Moorwood}, Alan F.~M.},
       series = {Society of Photo-Optical Instrumentation Engineers (SPIE) Conference Series},
       volume = {4841},
        month = "Mar",
        pages = {1548-1561},
          doi = {10.1117/12.459468},
archivePrefix = {arXiv},
       eprint = {astro-ph/0306191},
 primaryClass = {astro-ph},
       adsurl = {https://ui-adsabs-harvard-edu.ezproxy.obspm.fr/abs/2003SPIE.4841.1548E},
      adsnote = {Provided by the SAO/NASA Astrophysics Data System}
}

@ARTICLE{Schreiber2009,
       author = {{F{\"o}rster Schreiber}, N.~M. and {Genzel}, R. and others},
        title = "{The SINS Survey: SINFONI Integral Field Spectroscopy of z \raisebox{-0.5ex}\textasciitilde 2 Star-forming Galaxies}",
      journal = {The Astrophysical Journal},
     keywords = {galaxies: evolution, galaxies: high-redshift, galaxies: kinematics and dynamics, infrared: galaxies, Astrophysics - Cosmology and Extragalactic Astrophysics, Astrophysics - Galaxy Astrophysics},
         year = "2009",
        month = "Dec",
       volume = {706},
       number = {2},
        pages = {1364-1428},
          doi = {10.1088/0004-637X/706/2/1364},
archivePrefix = {arXiv},
       eprint = {0903.1872},
 primaryClass = {astro-ph.CO},
       adsurl = {https://ui-adsabs-harvard-edu.ezproxy.obspm.fr/abs/2009ApJ...706.1364F},
      adsnote = {Provided by the SAO/NASA Astrophysics Data System}
}

@ARTICLE{Law2007,
       author = {{Law}, David R. and {Steidel}, Charles C. and others},
        title = "{Integral Field Spectroscopy of High-Redshift Star-forming Galaxies with Laser-guided Adaptive Optics: Evidence for Dispersion-dominated Kinematics}",
      journal = {The Astrophysical Journal},
     keywords = {Galaxies: High-Redshift, Galaxies: Kinematics and Dynamics, Galaxies: Starburst, Astrophysics},
         year = "2007",
        month = "Nov",
       volume = {669},
       number = {2},
        pages = {929-946},
          doi = {10.1086/521786},
archivePrefix = {arXiv},
       eprint = {0707.3634},
 primaryClass = {astro-ph},
       adsurl = {https://ui.adsabs.harvard.edu/abs/2007ApJ...669..929L},
      adsnote = {Provided by the SAO/NASA Astrophysics Data System}
}







@ARTICLE{PetroRadandMag,
       author = {{Graham}, Alister W. and {Driver}, Simon P. and others},
        title = "{Total Galaxy Magnitudes and Effective Radii from Petrosian Magnitudes and Radii}",
      journal = {The Astronomical Journal},
     keywords = {Galaxies: Fundamental Parameters, Galaxies: Structure, Methods: Analytical, Methods: Data Analysis, Astrophysics},
         year = "2005",
        month = "Oct",
       volume = {130},
       number = {4},
        pages = {1535-1544},
          doi = {10.1086/444475},
archivePrefix = {arXiv},
       eprint = {astro-ph/0504287},
 primaryClass = {astro-ph},
       adsurl = {https://ui.adsabs.harvard.edu/abs/2005AJ....130.1535G},
      adsnote = {Provided by the SAO/NASA Astrophysics Data System}
}

@ARTICLE{Sersic1963,
   author = {{S{\'e}rsic}, J.~L.},
    title = "{Influence of the atmospheric and instrumental dispersion on the brightness distribution in a galaxy}",
  journal = {Boletin de la Asociacion Argentina de Astronomia La Plata Argentina},
     year = 1963,
   volume = 6,
    pages = {41},
   adsurl = {http://adsabs.harvard.edu/abs/1963BAAA....6...41S},
  adsnote = {Provided by the SAO/NASA Astrophysics Data System}
}

@ARTICLE{SExtractor,
   author = {{Bertin}, E. and {Arnouts}, S.},
    title = "{SExtractor: Software for source extraction.}",
  journal = {Astronomy and Astrophysics Supplement},
 keywords = {METHODS: DATA ANALYSIS, TECHNIQUES: IMAGE PROCESSING, GALAXIES: PHOTOMETRY},
     year = 1996,
    month = jun,
   volume = 117,
    pages = {393-404},
      doi = {10.1051/aas:1996164},
   adsurl = {http://adsabs.harvard.edu/abs/1996A%26AS..117..393B},
  adsnote = {Provided by the SAO/NASA Astrophysics Data System}
}

@INPROCEEDINGS{GIM2D,
       author = {{Simard}, L.},
        title = "{GIM2D: an IRAF package for the Quantitative Morphology Analysis of Distant Galaxies}",
    booktitle = {Astronomical Data Analysis Software and Systems VII},
         year = "1998",
       editor = {{Albrecht}, Rudolf and {Hook}, Richard N. and {Bushouse}, Howard A.},
       series = {Astronomical Society of the Pacific Conference Series},
       volume = {145},
        month = "Jan",
        pages = {108},
       adsurl = {https://ui.adsabs.harvard.edu/abs/1998ASPC..145..108S},
      adsnote = {Provided by the SAO/NASA Astrophysics Data System}
}

@ARTICLE{GALFIT,
   author = {{Peng}, C.~Y. and {Ho}, L.~C. and {Impey}, C.~D. and others
	},
    title = "{Detailed Structural Decomposition of Galaxy Images}",
  journal = {The Astronomical Journal},
   eprint = {astro-ph/0204182},
 keywords = {Galaxies: Bulges, Galaxies: Fundamental Parameters, Galaxies: Nuclei, Galaxies: Structure, Techniques: Image Processing, Techniques: Photometric},
     year = 2002,
    month = jul,
   volume = 124,
    pages = {266-293},
      doi = {10.1086/340952},
   adsurl = {http://adsabs.harvard.edu/abs/2002AJ....124..266P},
  adsnote = {Provided by the SAO/NASA Astrophysics Data System}
}

@ARTICLE{MoffatProfile,
   author = {{Moffat}, A.~F.~J.},
    title = "{A Theoretical Investigation of Focal Stellar Images in the Photographic Emulsion and Application to Photographic Photometry}",
  journal = {Astronomy and Astrophysics},
     year = 1969,
    month = dec,
   volume = 3,
    pages = {455},
   adsurl = {http://adsabs.harvard.edu/abs/1969A%26A.....3..455M},
  adsnote = {Provided by the SAO/NASA Astrophysics Data System}
}

@ARTICLE{Bacon2015,
       author = {{Bacon}, R. and {Brinchmann}, J. and others},
        title = "{The MUSE 3D view of the Hubble Deep Field South}",
      journal = {Astronomy and Astrophysics},
     keywords = {cosmology: observations, galaxies: evolution, galaxies: high-redshift, techniques: imaging spectroscopy, galaxies: formation, Astrophysics - Astrophysics of Galaxies, Astrophysics - Cosmology and Nongalactic Astrophysics, Astrophysics - Instrumentation and Methods for Astrophysics},
         year = "2015",
        month = "Mar",
       volume = {575},
          eid = {A75},
        pages = {A75},
          doi = {10.1051/0004-6361/201425419},
archivePrefix = {arXiv},
       eprint = {1411.7667},
 primaryClass = {astro-ph.GA},
       adsurl = {https://ui-adsabs-harvard-edu.ezproxy.obspm.fr/abs/2015A&A...575A..75B},
      adsnote = {Provided by the SAO/NASA Astrophysics Data System}
}

@ARTICLE{Bacon2017,
       author = {{Bacon}, Roland and {Conseil}, Simon and others},
        title = "{The MUSE Hubble Ultra Deep Field Survey. I. Survey description, data reduction, and source detection}",
      journal = {Astronomy and Astrophysics},
     keywords = {galaxies: distances and redshifts, galaxies: high-redshift, cosmology: observations, methods: data analysis, techniques: imaging spectroscopy, galaxies: formation, Astrophysics - Astrophysics of Galaxies},
         year = "2017",
        month = "Nov",
       volume = {608},
          eid = {A1},
        pages = {A1},
          doi = {10.1051/0004-6361/201730833},
archivePrefix = {arXiv},
       eprint = {1710.03002},
 primaryClass = {astro-ph.GA},
       adsurl = {https://ui-adsabs-harvard-edu.ezproxy.obspm.fr/abs/2017A&A...608A...1B},
      adsnote = {Provided by the SAO/NASA Astrophysics Data System}
}

@ARTICLE{Guerou2017,
       author = {{Gu{\'e}rou}, Adrien and {Krajnovi{\'c}}, Davor and others},
        title = "{The MUSE Hubble Ultra Deep Field Survey. V. Spatially resolved stellar kinematics of galaxies at redshift 0.2 {\ensuremath{\lesssim}} z {\ensuremath{\lesssim}} 0.8}",
      journal = {Astronomy and Astrophysics},
     keywords = {galaxies: formation, galaxies: evolution, galaxies: kinematics and dynamics, galaxies: stellar content, Astrophysics - Astrophysics of Galaxies},
         year = "2017",
        month = "Nov",
       volume = {608},
          eid = {A5},
        pages = {A5},
          doi = {10.1051/0004-6361/201730905},
archivePrefix = {arXiv},
       eprint = {1710.07694},
 primaryClass = {astro-ph.GA},
       adsurl = {https://ui.adsabs.harvard.edu/abs/2017A&A...608A...5G},
      adsnote = {Provided by the SAO/NASA Astrophysics Data System}
}

@ARTICLE{Epinat2008,
       author = {{Epinat}, B. and {Amram}, P. and others},
        title = "{GHASP: an H{\ensuremath{\alpha}} kinematic survey of spiral and irregular galaxies - VI. New H{\ensuremath{\alpha}} data cubes for 108 galaxies}",
      journal = {Monthly Notices of the Royal Astronomical Society},
     keywords = {Astrophysics},
         year = "2008",
        month = "Aug",
       volume = {388},
       number = {2},
        pages = {500-550},
          doi = {10.1111/j.1365-2966.2008.13422.x},
archivePrefix = {arXiv},
       eprint = {0805.0976},
 primaryClass = {astro-ph},
       adsurl = {https://ui-adsabs-harvard-edu.ezproxy.obspm.fr/abs/2008MNRAS.388..500E},
      adsnote = {Provided by the SAO/NASA Astrophysics Data System}
}

@ARTICLE{Epinat2012,
       author = {{Epinat}, B. and {Tasca}, L. and others},
        title = "{MASSIV: Mass Assembly Survey with SINFONI in VVDS. II. Kinematics and close environment classification}",
      journal = {Astronomy and Astrophysics},
     keywords = {galaxies: evolution, galaxies: formation, galaxies: kinematics and dynamics, galaxies: high-redshift, Astrophysics - Cosmology and Nongalactic Astrophysics},
         year = "2012",
        month = "Mar",
       volume = {539},
          eid = {A92},
        pages = {A92},
          doi = {10.1051/0004-6361/201117711},
archivePrefix = {arXiv},
       eprint = {1201.3329},
 primaryClass = {astro-ph.CO},
       adsurl = {https://ui-adsabs-harvard-edu.ezproxy.obspm.fr/abs/2012A&A...539A..92E},
      adsnote = {Provided by the SAO/NASA Astrophysics Data System}
}

@ARTICLE{Swinbank2017,
       author = {{Swinbank}, A.~M. and {Harrison}, C.~M. and others},
        title = "{Angular momentum evolution of galaxies over the past 10 Gyr: a MUSE and KMOS dynamical survey of 400 star-forming galaxies from z = 0.3 to 1.7}",
      journal = {Monthly Notices of the Royal Astronomical Society},
     keywords = {galaxies: evolution, galaxies: high-redshift, galaxies: dynamics, Astrophysics - Astrophysics of Galaxies},
         year = "2017",
        month = "May",
       volume = {467},
       number = {3},
        pages = {3140-3159},
          doi = {10.1093/mnras/stx201},
archivePrefix = {arXiv},
       eprint = {1701.07448},
 primaryClass = {astro-ph.GA},
       adsurl = {https://ui-adsabs-harvard-edu.ezproxy.obspm.fr/abs/2017MNRAS.467.3140S},
      adsnote = {Provided by the SAO/NASA Astrophysics Data System}
}

@ARTICLE{Scarlata2007,
       author = {{Scarlata}, C. and {Carollo}, C.~M. and others},
        title = "{COSMOS Morphological Classification with the Zurich Estimator of Structural Types (ZEST) and the Evolution Since z = 1 of the Luminosity Function of Early, Disk, and Irregular Galaxies}",
      journal = {The Astrophysical Journal Supplement Series},
     keywords = {Cosmology: Observations, Cosmology: Dark Matter, Galaxies: Evolution, Galaxies: Formation, Cosmology: Large-Scale Structure of Universe, Surveys},
         year = "2007",
        month = "Sep",
       volume = {172},
       number = {1},
        pages = {406-433},
          doi = {10.1086/516582},
       adsurl = {https://ui.adsabs.harvard.edu/abs/2007ApJS..172..406S},
      adsnote = {Provided by the SAO/NASA Astrophysics Data System}
}

@ARTICLE{Abraham1994,
       author = {{Abraham}, Roberto G. and {Valdes}, Francisco and others},
        title = "{The Morphologies of Distant Galaxies. I. an Automated Classification System}",
      journal = {Astrophysical Journal},
     keywords = {Astronomical Models, Computerized Simulation, Galactic Clusters, Image Classification, Mathematical Models, Morphology, Sky Surveys (Astronomy), Astronomical Photometry, Atmospheric Effects, Atmospheric Turbulence, Charge Coupled Devices, Monte Carlo Method, Seeing (Astronomy), Astrophysics, GALAXIES: FUNDAMENTAL PARAMETERS, GALAXIES: PHOTOMETRY},
         year = "1994",
        month = "Sep",
       volume = {432},
        pages = {75},
          doi = {10.1086/174550},
       adsurl = {https://ui.adsabs.harvard.edu/abs/1994ApJ...432...75A},
      adsnote = {Provided by the SAO/NASA Astrophysics Data System}
}

@ARTICLE{Lotz2004,
       author = {{Lotz}, Jennifer M. and {Primack}, Joel and others},
        title = "{A New Nonparametric Approach to Galaxy Morphological Classification}",
      journal = {The Astronomical Journal},
     keywords = {Galaxies: Fundamental Parameters, Galaxies: High-Redshift, Galaxies: Peculiar, Galaxies: Structure, Astrophysics},
         year = "2004",
        month = "Jul",
       volume = {128},
       number = {1},
        pages = {163-182},
          doi = {10.1086/421849},
archivePrefix = {arXiv},
       eprint = {astro-ph/0311352},
 primaryClass = {astro-ph},
       adsurl = {https://ui.adsabs.harvard.edu/abs/2004AJ....128..163L},
      adsnote = {Provided by the SAO/NASA Astrophysics Data System}
}

@ARTICLE{Bershady2000,
       author = {{Bershady}, Matthew A. and {Jangren}, Anna and others},
        title = "{Structural and Photometric Classification of Galaxies. I. Calibration Based on a Nearby Galaxy Sample}",
      journal = {The Astronomical Journal},
     keywords = {Galaxies: Compact, Galaxies: Fundamental Parameters, Galaxies: Starburst, Astrophysics},
         year = "2000",
        month = "Jun",
       volume = {119},
       number = {6},
        pages = {2645-2663},
          doi = {10.1086/301386},
archivePrefix = {arXiv},
       eprint = {astro-ph/0002262},
 primaryClass = {astro-ph},
       adsurl = {https://ui.adsabs.harvard.edu/abs/2000AJ....119.2645B},
      adsnote = {Provided by the SAO/NASA Astrophysics Data System}
}


@ARTICLE{Kent1985,
       author = {{Kent}, S.~M.},
        title = "{CCD surface photometry of field galaxies. II. Bulge/disk decompositions.}",
      journal = {Astrophysical Journal, Suppl. Ser.},
     keywords = {Astronomical Photometry, Disk Galaxies, Galactic Bulge, Galactic Structure, Spiral Galaxies, Astronomical Catalogs, Bulging, Charge Coupled Devices, Elliptical Galaxies, Radial Distribution, Astrophysics},
         year = "1985",
        month = "Oct",
       volume = {59},
        pages = {115-159},
          doi = {10.1086/191066},
       adsurl = {https://ui.adsabs.harvard.edu/abs/1985ApJS...59..115K},
      adsnote = {Provided by the SAO/NASA Astrophysics Data System}
}

@ARTICLE{Schade1995,
       author = {{Schade}, David and {Lilly}, S.~J. and others},
        title = "{Canada-France Redshift Survey: Hubble Space Telescope Imaging of High-Redshift Field Galaxies}",
      journal = {Astrophysical Journal Letters},
     keywords = {GALAXIES: EVOLUTION, GALAXIES: FUNDAMENTAL PARAMETERS, Astrophysics},
         year = "1995",
        month = "Sep",
       volume = {451},
        pages = {L1},
          doi = {10.1086/309677},
archivePrefix = {arXiv},
       eprint = {astro-ph/9507028},
 primaryClass = {astro-ph},
       adsurl = {https://ui.adsabs.harvard.edu/abs/1995ApJ...451L...1S},
      adsnote = {Provided by the SAO/NASA Astrophysics Data System}
}

@ARTICLE{Abraham1996,
       author = {{Abraham}, Roberto G. and {van den Bergh}, Sidney and others},
        title = "{The Morphologies of Distant Galaxies. II. Classifications from the Hubble Space Telescope Medium Deep Survey}",
      journal = {
    Astrophysical Journal Supplement},
     keywords = {GALAXIES: EVOLUTION, GALAXIES: FUNDAMENTAL PARAMETERS, GALAXIES: INTERACTIONS, SURVEYS},
         year = "1996",
        month = "Nov",
       volume = {107},
        pages = {1},
          doi = {10.1086/192352},
       adsurl = {https://ui.adsabs.harvard.edu/abs/1996ApJS..107....1A},
      adsnote = {Provided by the SAO/NASA Astrophysics Data System}
}

@ARTICLE{Conselice1997,
       author = {{Conselice}, C.~J.},
        title = "{The Symmetry, Color, and Morphology of Galaxies}",
      journal = {
    Publications of the Astronomical Society of the Pacific},
     keywords = {GALAXIES: FUNDAMENTAL PARAMETERS, GALAXIES: SPIRAL, GALAXIES: STRUCTURE, Astrophysics},
         year = "1997",
        month = "Nov",
       volume = {109},
        pages = {1251-1255},
          doi = {10.1086/134004},
archivePrefix = {arXiv},
       eprint = {astro-ph/9710234},
 primaryClass = {astro-ph},
       adsurl = {https://ui.adsabs.harvard.edu/abs/1997PASP..109.1251C},
      adsnote = {Provided by the SAO/NASA Astrophysics Data System}
}

@ARTICLE{Scoville2007,
       author = {{Scoville}, N. and {Aussel}, H. and others},
        title = "{The Cosmic Evolution Survey (COSMOS): Overview}",
      journal = {The Astrophysical Journal Supplement Series},
     keywords = {Cosmology: Observations, Cosmology: Dark Matter, Galaxies: Evolution, Galaxies: Formation, Cosmology: Large-Scale Structure of Universe, Surveys, Astrophysics},
         year = "2007",
        month = "Sep",
       volume = {172},
       number = {1},
        pages = {1-8},
          doi = {10.1086/516585},
archivePrefix = {arXiv},
       eprint = {astro-ph/0612305},
 primaryClass = {astro-ph},
       adsurl = {https://ui.adsabs.harvard.edu/abs/2007ApJS..172....1S},
      adsnote = {Provided by the SAO/NASA Astrophysics Data System}
}

@ARTICLE{Tremonti2004,
       author = {{Tremonti}, Christy A. and {Heckman}, Timothy M. and others},
        title = "{The Origin of the Mass-Metallicity Relation: Insights from 53,000 Star-forming Galaxies in the Sloan Digital Sky Survey}",
      journal = {The Astrophysical Journal},
     keywords = {Galaxies: Abundances, Galaxies: Evolution, Galaxies: Fundamental Parameters, Galaxies: Statistics, Astrophysics},
         year = "2004",
        month = "Oct",
       volume = {613},
       number = {2},
        pages = {898-913},
          doi = {10.1086/423264},
archivePrefix = {arXiv},
       eprint = {astro-ph/0405537},
 primaryClass = {astro-ph},
       adsurl = {https://ui.adsabs.harvard.edu/abs/2004ApJ...613..898T},
      adsnote = {Provided by the SAO/NASA Astrophysics Data System}
}

@ARTICLE{Sanchez2006,
       author = {{S{\'a}nchez-Bl{\'a}zquez}, P. and {Peletier}, R.~F. and others},
        title = "{Medium-resolution Isaac Newton Telescope library of empirical spectra}",
      journal = {Monthly Notices of the Royal Astronomical Society},
     keywords = {atlases: stars: fundamental parameters: galaxies: stellar content, atlases, stars: fundamental parameters, galaxies: stellar content, Astrophysics},
         year = "2006",
        month = "Sep",
       volume = {371},
       number = {2},
        pages = {703-718},
          doi = {10.1111/j.1365-2966.2006.10699.x},
archivePrefix = {arXiv},
       eprint = {astro-ph/0607009},
 primaryClass = {astro-ph},
       adsurl = {https://ui.adsabs.harvard.edu/abs/2006MNRAS.371..703S},
      adsnote = {Provided by the SAO/NASA Astrophysics Data System}
}

@ARTICLE{Bruzual2003,
       author = {{Bruzual}, G. and {Charlot}, S.},
        title = "{Stellar population synthesis at the resolution of 2003}",
      journal = {Monthly Notices of the Royal Astronomical Society},
     keywords = {stars: evolution, galaxies: evolution, galaxies: formation, galaxies: stellar content, Astrophysics},
         year = "2003",
        month = "Oct",
       volume = {344},
       number = {4},
        pages = {1000-1028},
          doi = {10.1046/j.1365-8711.2003.06897.x},
archivePrefix = {arXiv},
       eprint = {astro-ph/0309134},
 primaryClass = {astro-ph},
       adsurl = {https://ui.adsabs.harvard.edu/abs/2003MNRAS.344.1000B},
      adsnote = {Provided by the SAO/NASA Astrophysics Data System}
}



@ARTICLE{Law2009,
       author = {{Law}, David R. and {Steidel}, Charles C. and {Erb}, Dawn K. and
         {Larkin}, James E. and {Pettini}, Max and {Shapley}, Alice E. and
         {Wright}, Shelley A.},
        title = "{The Kiloparsec-scale Kinematics of High-redshift Star-forming Galaxies}",
      journal = {The Astrophysical Journal},
     keywords = {galaxies: high-redshift, galaxies: kinematics and dynamics, galaxies: starburst, Astrophysics - Astrophysics of Galaxies, Astrophysics - Cosmology and Nongalactic Astrophysics},
         year = "2009",
        month = "Jun",
       volume = {697},
       number = {2},
        pages = {2057-2082},
          doi = {10.1088/0004-637X/697/2/2057},
archivePrefix = {arXiv},
       eprint = {0901.2930},
 primaryClass = {astro-ph.GA},
       adsurl = {https://ui-adsabs-harvard-edu.ezproxy.obspm.fr/abs/2009ApJ...697.2057L},
      adsnote = {Provided by the SAO/NASA Astrophysics Data System}
}







%%%%%%%%%%%%%%%%%%%%
% Cosmology papers %
%%%%%%%%%%%%%%%%%%%%

@ARTICLE{Perlmutter1999,
       author = {{Perlmutter}, S. and {Aldering}, G. and others},
        title = "{Measurements of {\ensuremath{\Omega}} and {\ensuremath{\Lambda}} from 42 High-Redshift Supernovae}",
      journal = {The Astrophysical Journal},
     keywords = {COSMOLOGY: OBSERVATIONS, COSMOLOGY: DISTANCE SCALE, STARS: SUPERNOVAE: GENERAL, Cosmology: Observations, Cosmology: Distance Scale, Stars: Supernovae: General, Astrophysics, High Energy Physics - Experiment, High Energy Physics - Phenomenology},
         year = "1999",
        month = "Jun",
       volume = {517},
       number = {2},
        pages = {565-586},
          doi = {10.1086/307221},
archivePrefix = {arXiv},
       eprint = {astro-ph/9812133},
 primaryClass = {astro-ph},
       adsurl = {https://ui-adsabs-harvard-edu.ezproxy.obspm.fr/abs/1999ApJ...517..565P},
      adsnote = {Provided by the SAO/NASA Astrophysics Data System}
}

@ARTICLE{Riess1998,
       author = {{Riess}, Adam G. and {Filippenko}, Alexei V. and others},
        title = "{Observational Evidence from Supernovae for an Accelerating Universe and a Cosmological Constant}",
      journal = {The Astrophysical Journal},
     keywords = {COSMOLOGY: OBSERVATIONS, STARS: SUPERNOVAE: GENERAL, Astrophysics},
         year = "1998",
        month = "Sep",
       volume = {116},
       number = {3},
        pages = {1009-1038},
          doi = {10.1086/300499},
archivePrefix = {arXiv},
       eprint = {astro-ph/9805201},
 primaryClass = {astro-ph},
       adsurl = {https://ui.adsabs.harvard.edu/abs/1998AJ....116.1009R},
      adsnote = {Provided by the SAO/NASA Astrophysics Data System}
}

%%%%%%%%%%%%%%%%%%%%
%Historical papers %
%%%%%%%%%%%%%%%%%%%%

@ARTICLE{Trimble1995,
       author = {{Trimble}, Virginia},
        title = "{The 1920 Shapley-Curtis Discussion: Background, Issues, and Aftermath}",
      journal = {Publications of the Astronomical Society of the Pacific},
     keywords = {HISTORY AND PHILOSOPHY OF ASTRONOMY},
         year = "1995",
        month = "Dec",
       volume = {107},
        pages = {1133},
          doi = {10.1086/133671},
       adsurl = {https://ui-adsabs-harvard-edu.ezproxy.obspm.fr/abs/1995PASP..107.1133T},
      adsnote = {Provided by the SAO/NASA Astrophysics Data System}
}

@ARTICLE{GrandDebate,
   author = {{Shapley}, H. and {Curtis}, H.~D.},
    title = "{The Scale of the Universe}",
  journal = {Bulletin of the National Research Council, Vol.~2, Part 3, No.~11, p.~171-217},
 keywords = {cosmology, great debate},
     year = "1921",
    month = "may",
   volume = {2},
    pages = {171-217},
   adsurl = {https://ui.adsabs.harvard.edu/abs/1921BuNRC...2..171S},
  adsnote = {Provided by the SAO/NASA Astrophysics Data System}
}

@ARTICLE{Hubble1922,
       author = {{Hubble}, E.~P.},
        title = "{A general study of diffuse galactic nebulae.}",
      journal = {Astrophysical Journal},
         year = "1922",
        month = "Oct",
       volume = {56},
        pages = {162-199},
          doi = {10.1086/142698},
       adsurl = {https://ui-adsabs-harvard-edu.ezproxy.obspm.fr/abs/1922ApJ....56..162H},
      adsnote = {Provided by the SAO/NASA Astrophysics Data System}
}

@ARTICLE{Hubble1926,
       author = {{Hubble}, E.~P.},
        title = "{Extragalactic nebulae.}",
      journal = {Astrophysical Journal},
         year = "1926",
        month = "Dec",
       volume = {64},
        pages = {321-369},
          doi = {10.1086/143018},
       adsurl = {https://ui-adsabs-harvard-edu.ezproxy.obspm.fr/abs/1926ApJ....64..321H},
      adsnote = {Provided by the SAO/NASA Astrophysics Data System}
}

@ARTICLE{Hubble1929,
       author = {{Hubble}, E.~P.},
        title = "{A Relation between Distance and Radial Velocity among Extra-Galactic Nebulae}",
      journal = {Contributions from the Mount Wilson Observatory},
     keywords = {Galaxies:  Hubble's Law},
         year = "1929",
        month = "Jan",
       volume = {3},
        pages = {23-28},
       adsurl = {https://ui.adsabs.harvard.edu/abs/1929CoMtW...3...23H},
      adsnote = {Provided by the SAO/NASA Astrophysics Data System}
}

@ARTICLE{Zwicky1937,
   author = {{Zwicky}, F.},
    title = "{On the Masses of Nebulae and of Clusters of Nebulae}",
  journal = {Astrophysical Journal},
     year = 1937,
    month = oct,
   volume = 86,
    pages = {217},
      doi = {10.1086/143864},
   adsurl = {https://ui.adsabs.harvard.edu/abs/1937ApJ....86..217Z},
  adsnote = {Provided by the SAO/NASA Astrophysics Data System}
}

@ARTICLE{Zwicky1933,
   author = {{Zwicky}, F.},
    title = "{Die Rotverschiebung von extragalaktischen Nebeln}",
  journal = {Helvetica Physica Acta},
     year = 1933,
   volume = 6,
    pages = {110-127},
   adsurl = {https://ui.adsabs.harvard.edu/abs/1933AcHPh...6..110Z},
  adsnote = {Provided by the SAO/NASA Astrophysics Data System}
}

@ARTICLE{Rubin1970,
       author = {{Rubin}, Vera C. and {Ford}, W. Kent, Jr.},
        title = "{Rotation of the Andromeda Nebula from a Spectroscopic Survey of Emission Regions}",
      journal = {Astrophysical Journal},
         year = "1970",
        month = "Feb",
       volume = {159},
        pages = {379},
          doi = {10.1086/150317},
       adsurl = {https://ui-adsabs-harvard-edu.ezproxy.obspm.fr/abs/1970ApJ...159..379R},
      adsnote = {Provided by the SAO/NASA Astrophysics Data System}
}

@ARTICLE{Rubin1978,
       author = {{Rubin}, V.~C. and {Ford}, W.~K., Jr. and others},
        title = "{Extended rotation curves of high-luminosity spiral galaxies. IV. Systematic dynamical properties, Sa -\&gt; Sc.}",
      journal = {Astrophysical Journal},
     keywords = {Angular Velocity, Galactic Rotation, Galactic Structure, Luminous Intensity, Spiral Galaxies, Astrodynamics, Astronomical Models, Curves (Geometry), Galactic Radiation, Astrophysics, Spiral Galaxies:Internal Motions, Spiral Galaxies: Structure},
         year = "1978",
        month = "Nov",
       volume = {225},
        pages = {L107-L111},
          doi = {10.1086/182804},
       adsurl = {https://ui-adsabs-harvard-edu.ezproxy.obspm.fr/abs/1978ApJ...225L.107R},
      adsnote = {Provided by the SAO/NASA Astrophysics Data System}
}

