@article{article1,
  title={Construction plans of the Death Star 1 Orbital Battle Station},
  author={Galen Erso},
  journal={Journal of Horrible Plot Flaws},
  volume={2}, 
  pages={1977-2015}
}

@inproceedings{article2,
  title={It's a trap! How to avoid common \LaTeX{} mistakes},
  author={Gial Ackbar},
  booktitle={Proceedings of the 42$^{nd}$ Intergalactic Conference on Overused Internet Memes}
}

@inproceedings{article3,
  title={A repeated article just to show you a multiple slide bibliography},
  author={John Smith},
  year={2017},
  booktitle={Proceedings of the First conference on Placeholder Documents}
}

@inproceedings{article4,
  title={A repeated article just to show you a multiple slide bibliography},
  author={John Smith},
  year={2017},
  booktitle={Proceedings of the First conference on Placeholder Documents}
}

@inproceedings{article5,
  title={A repeated article just to show you a multiple slide bibliography},
  author={John Smith},
  year={2017},
  booktitle={Proceedings of the First conference on Placeholder Documents}
}

@inproceedings{article6,
  title={A repeated article just to show you a multiple slide bibliography},
  author={John Smith},
  year={2017},
  booktitle={Proceedings of the First conference on Placeholder Documents}
}

@ARTICLE{Boogaard2018,
   author = {{Boogaard}, L.~A. and {Brinchmann}, J. and {Bouch{\'e}}, N. and 
	{Paalvast}, M. and {Bacon}, R. and {Bouwens}, R.~J. and {Contini}, T. and 
	{Gunawardhana}, M.~L.~P. and {Inami}, H. and {Marino}, R.~A. and 
	{Maseda}, M.~V. and {Mitchell}, P. and {Nanayakkara}, T. and 
	{Richard}, J. and {Schaye}, J. and {Schreiber}, C. and {Tacchella}, S. and 
	{Wisotzki}, L. and {Zabl}, J.},
    title = "{The MUSE Hubble Ultra Deep Field Survey. XI. Constraining the low-mass end of the stellar mass - star formation rate relation at z $\lt$ 1}",
  journal = {Astronomy \and Astrophysics},
archivePrefix = "arXiv",
   eprint = {1808.04900},
 keywords = {galaxies: star formation, galaxies: formation, galaxies: evolution, galaxies: ISM, methods: statistical},
     year = 2018,
    month = nov,
   volume = 619,
      eid = {A27},
    pages = {A27},
      doi = {10.1051/0004-6361/201833136},
   adsurl = {https://ui.adsabs.harvard.edu/abs/2018A%26A...619A..27B},
  adsnote = {Provided by the SAO/NASA Astrophysics Data System}
}
